3250 4944
818 377 856 433 32

248 535 366 593 dorum
379 534 534 592 omnium
554 539 655 608 ‘atque
671 535 840 597 scaenicos
863 535 958 593 ludos
981 540 1014 594 et
1028 536 1227 594 athletarum
1242 535 1424 594 certamina

248 633 436 707 interponit.
446 630 469 706 ¹)
511 633 679 691 Dedicatis
695 633 766 691 foro
781 634 970 707 temploque
985 633 1082 691 ludos
1097 634 1208 692 statim
1223 634 1329 692 factos
1352 649 1424 690 esse

248 736 388 788 testatur
409 729 541 789 Cassius
563 731 623 788 Dio
646 730 765 806 (XLIII
787 734 834 791 22.
851 735 878 801 2,
894 734 940 804 3):
976 727 1039 819 Τὴν
1067 734 1125 816 γὰρ
1157 733 1270 818 ἀγορὰν
1304 782 1310 796 .
1345 781 1351 794 .
1377 780 1383 795 .
1415 781 1423 794 .

248 833 300 895 καὶ
332 834 382 896 τὸν
414 829 518 895 νεὼν.
543 879 549 894 .
576 877 582 892 .
618 833 809 914 καθιέρωσεν
842 827 935 904 εὐθὺς
967 837 1033 896 τότε
1057 835 1110 895 καὶ
1142 832 1277 903 πολλοὺς
1312 853 1344 911 γε
1377 828 1424 894 ἐπ’

246 923 393 1002 αὐτοῖς
418 977 426 990 .
452 978 458 992 ,
484 977 491 992 .
516 928 636 1010 ἀγῶνας
660 927 783 1015 ἔθηκεν.
826 926 891 985 Sed
918 927 1006 984 intra
1031 934 1117 1001 'quot
1144 927 1215 984 (lies
1246 926 1327 984 facti
1359 926 1426 984 sint

248 1025 329 1102 ludi,
350 1026 431 1084 nihil
454 1025 596 1084 traditur
616 1025 680 1083 nisi
699 1025 893 1099 venationes
917 1029 934 1086 5
956 1025 1083 1082 dierum
1105 1024 1207 1082 fuisse
1229 1031 1262 1082 et
1282 1024 1428 1082 athletas

249 1131 394 1182 certasse
416 1124 635 1199 pertriduum
656 1109 758 1197 (Suet
773 1123 793 1180 Ι.
809 1123 853 1198 l).
896 1123 968 1198 Qua
990 1122 1149 1181 decanea
1170 1123 1198 1180 si
1216 1122 1339 1197 singuli
1354 1121 1425 1179 ludi

249 1222 385 1280 totidem
406 1223 476 1280 sere
498 1222 626 1280 dierum
648 1222 791 1293 fuerunt,
827 1221 934 1279 ultimi
962 1221 1033 1278 ludi
1061 1221 1165 1278 altera
1186 1227 1280 1295 parte
1301 1220 1428 1277 menete

249 1319 384 1380 Sextilis
407 1320 487 1378 editi
510 1326 594 1377 sunt.

356 1445 404 1504 46.
447 1443 549 1501 Ludis
570 1445 712 1502 narratis
728 1444 860 1504 Cassius
881 1444 942 1503 Dio
965 1445 1047 1502 vitio
1069 1444 1199 1501 dedisse
1222 1444 1302 1502 dicit
1324 1459 1427 1518 popu·

249 1543 317 1600 lum
333 1541 488 1600 dictatori
511 1542 630 1600 caedes
654 1557 780 1602 reorum
795 1543 950 1600 nimirum
972 1543 1028 1616 qui
1050 1543 1083 1599 in
1112 1543 1426 1616 amphitheatro

248 1646 288 1698 et
316 1640 357 1696 in
389 1640 505 1698 circo
527 1640 692 1698 interfecti
709 1642 816 1714 erant)
839 1647 939 1714 atque
961 1647 1118 1715 sumptus.
1160 1639 1287 1698 Deinde
1309 1647 1428 1698 auctor

248 1745 423 1816 postquam
440 1737 613 1798 Caesarem
629 1740 905 1813 amphitheatrum
926 1738 1079 1797 sericis
1102 1739 1185 1796 velis
1206 1739 1330 1796 texisse
1351 1754 1427 1796 nar-

249 1837 346 1907 ravit,
362 1837 445 1894 haee
460 1838 567 1895 addit:
599 1837 654 1903 ἐπ’
678 1836 746 1904 οὖν
775 1843 945 1913 scitote
973 1837 1000 1904 σὶ
1024 1843 1078 1924 μὲν
1102 1837 1192 1904 ἄλλον
1221 1837 1340 1924 ἀνάγκη
1371 1845 1427 1926 τὴν

248 1934 382 2024 ἡσυχίαν
398 1935 471 2024 ἦγον
494 1935 522 2004 οἱ
545 1939 577 2001 δὲ
601 1937 638 2023 δὴ
655 1949 835 2021 στρατιῶται
854 1935 1049 2025 ἐθορίνβησαν
1071 1934 1191 2011 (XLIII
1212 1937 1259 1996 24·
1285 1938 1310 2007 l,
1333 1936 1361 2010 2,
1382 1935 1427 2009 3),

248 2035 336 2110 Ergo
357 2036 446 2093 hune
467 2035 644 2093 tumultum
672 2032 759 2090 ludis
781 2033 849 2090 fere
872 2033 1032 2090 confectis
1055 2034 1073 2090 i.
1098 2050 1123 2091 e.
1147 2041 1290 2091 exeunte
1312 2049 1426 2091 mense

248 2132 366 2191 Sextili
388 2134 512 2191 iactum
534 2149 605 2190 esse
627 2131 752 2205 opinor.

357 2260 404 2317 47.
447 2257 596 2316 Cassium
623 2257 762 2315 Dionem
796 2257 879 2314 falso
913 2245 1069 2332 agrorum
1102 2257 1358 2332 assignationem
1386 2258 1422 2314 in

249 2373 373 2415 annum
387 2358 426 2415 47
442 2355 621 2414 contulisse
643 2355 746 2430 (XLII
761 2356 809 2413 54.
826 2356 856 2429 1)
878 2355 946 2413 iam
960 2355 1200 2413 demonstravit
1214 2356 1424 2414 Drumanuus

250 2455 299 2532 (G.
321 2456 349 2514 R
370 2455 416 2513 III
438 2471 468 2529 p.
497 2455 565 2513 616.
594 2455 689 2512 Anm.
713 2453 774 2532 55).
820 2451 862 2512 Et
890 2471 926 2512 re
947 2471 1028 2512 vcra
1054 2454 1225 2529 Appianus
1251 2454 1424 2520 Caesarem

248 2555 388 2612 militum
405 2553 566 2610 seditione
582 2545 669 2610 anno
684 2554 723 2610 47
746 2558 860 2610 coorta
881 2553 927 2610 ita
942 2553 1189 2610 contionantem
1210 2553 1306 2610 facit:
1337 2555 1424 2618 δώσω

249 2653 282 2716 δέ
306 2658 359 2718 καὶ
382 2664 437 2740 γῆν
462 2651 573 2718 ἅπασιν
597 2650 943 2717 ἐκτελεσθέντων
966 2664 1042 2718 τῶν
1069 2655 1263 2738 πολέμων
1292 2650 1335 2726 (Π
1362 2649 1424 2728 94)»

248 2749 411 2807 Antonius
433 2755 545 2808 autem
566 2750 653 2823 apud
677 2749 819 2807 eundem
841 2756 1009 2806 auctorem
1036 2757 1110 2823 post
1131 2749 1281 2809 Caesaris
1309 2765 1425 2806 necem

249 2848 282 2906 in
299 2855 416 2906 senatu
437 2848 559 2906 milites
574 2854 810 2906 commemorat
824 2846 890 2905 iam
914 2855 1160 2934 συνῳκισμένους
1183 2844 1240 2913 ὑπὸ
1264 2847 1427 2931 Καῑσσρσς

249 2946 293 3019 (ΙΙ
321 2948 400 3019 133).
456 2947 611 3021 Apertius
643 2946 724 3003 dicit
750 2944 865 3004 Cicero
898 2946 932 3002 in
959 2945 1101 3020 epistula
1127 2946 1170 3002 ad
1195 2944 1230 3003 L.
1255 2944 1425 3018 Papirium

249 3043 386 3103 Paetum
407 3045 522 3102 datum
553 3060 618 3118 quo
640 3051 787 3118 tempore
808 3045 1050 3119 assignationes
1072 3045 1181 3102 iactae
1203 3043 1277 3114 sint,
1310 3043 1428 3101 scribit

249 3143 351 3200 enim:
394 3143 553 3201 Veientem
583 3143 713 3219 quidem
744 3160 862 3218 aprum
895 3148 924 3200 et
956 3141 1153 3220 Capenatem
1181 3143 1428 3201 metiuntur

249 3239 310 3320 (IX
333 3242 378 3301 17.
402 3240 442 3318 2).
484 3239 609 3313 Nempe
631 3240 806 3314 epistulam
828 3256 914 3298 anno
937 3240 975 3297 46
998 3241 1154 3313 scriptam
1176 3256 1247 3298 esse
1269 3246 1360 3314 patet
1382 3255 1425 3296 ex

249 3339 361 3396 verbis
383 3338 416 3413 (l.
438 3339 459 3396 l.
483 3341 512 3407 1,
535 3340 574 3396 de
597 3339 687 3396 luero
703 3355 806 3414 prope
828 3339 897 3395 iam
919 3339 1250 3413 qrtadrienaiara
1272 3339 1425 3395 vivianae.

248 3435 510 3511 Quadriennium
532 3436 619 3494 enim
640 3441 735 3510 putat
750 3435 863 3494 Cicero
886 3435 956 3493 sine
978 3436 1078 3496 dubio
1094 3442 1163 3493 tum
1179 3437 1327 3510 coepisse
1350 3451 1426 3494 cum

248 3534 305 3595 On.
327 3534 461 3610 Pompei
491 3551 601 3594 comes
629 3535 707 3592 anni
729 3535 767 3592 39
793 3551 905 3593 mense
926 3535 1089 3594 Ianuario
1109 3535 1213 3593 Roma
1234 3535 1267 3592 in
1291 3535 1424 3609 Campa-

249 3634 338 3692 niam
360 3634 447 3710 Iugit
469 3634 532 3705 (eir
553 3633 688 3691 Fischer
711 3633 745 3691 R.
766 3633 799 3691 Z.
822 3649 852 3707 p.
875 3634 956 3711 271).
999 3633 1094 3708 Quod
1118 3652 1220 3711 prope
1246 3635 1315 3691 iem
1346 3649 1428 3707 quae

249 3732 437 3790 driennium
458 3733 499 3790 de
515 3732 607 3789 lucro
630 3748 664 3790 sc
680 3731 794 3789 vivere
810 3732 904 3803 dixit,
928 3732 1103 3806 epistulam
1118 3739 1261 3789 exeunte
1283 3747 1370 3789 anno
1384 3733 1424 3790 46

247 3829 381 3903 scripsit
403 3845 478 3910 cum
499 3829 620 3888 Caesar
641 3829 763 3887 Romae
782 3836 862 3904 erat,
884 3830 917 3886 id
939 3831 1029 3904 quod
1056 3837 1125 3890 tota
1148 3831 1289 3905 epistula
1318 3830 1430 3890 docet.

250 3967 464 3974 —....-.——

358 4035 379 4100 1)
398 4035 440 4089 De
468 4034 545 4088 ludis
571 4035 751 4090 circensibus
771 4035 932 4091 Suetonius
958 4039 1120 4092 certamina
1145 4038 1279 4104 bigarum
1309 4035 1425 4104 quadri·

249 4140 421 4194 garumque
441 4123 625 4180 desultorum
640 4140 754 4192 cursus
768 4126 866 4181 lusum
876 4127 987 4190 Troiae,
1003 4127 1185 4190 venationes
1196 4139 1313 4194 pugnas
1325 4123 1428 4179 refert

248 4214 329 4281 Quos
348 4214 433 4269 ludos
453 4216 495 4270 sic
515 4229 631 4282 quoque
650 4215 728 4270 inter
747 4231 780 4270 se
800 4217 952 4284 excepisse
972 4218 1053 4284 puto.
1073 4215 1145 4271 (iarn
1166 4217 1242 4270 enirn
1264 4215 1427 4270 Suetonius

249 4317 366 4371 pugnas
385 4305 596 4359 novissime
615 4319 682 4360 esse
701 4304 796 4360 iactas
810 4307 1030 4373 commemoret,
1050 4307 1164 4360 eeteros
1177 4305 1262 4360 ludos
1276 4304 1365 4360 etiam
1385 4319 1425 4358 ex

250 4394 417 4461 temporum
438 4395 513 4448 serie
531 4395 649 4449 videtur
667 4398 842 4463 persecutns
863 4409 938 4449 esse.
1287 4383 1289 4388 ’
