3250 4944
767 455 805 512 43

195 617 273 674 loco
294 629 376 691 agor
397 629 518 673 nomen
540 615 641 673 babet
662 615 789 674 Mundo
811 615 923 690 ibique
952 616 1100 675 celebres
1122 617 1231 676 adbuc
1263 636 1376 695 super·

192 719 274 772 sunt
305 712 467 786 reliquiae
500 727 585 786 quas
607 721 682 788 quo
714 720 862 789 tempore
892 713 1054 788 Hispania
1089 721 1285 790 recuperata
1313 725 1373 788 est

197 812 369 870 Mondaia
390 811 476 887 515Ᾱο
497 820 557 868 555
580 813 612 868 15
632 829 716 888 praa
731 813 853 870 Munda
875 804 1098 886 appellabant
1112 813 1246 887 (Munda
1261 803 1371 890 Pomp.

197 927 228 984 p.
249 911 315 984 99).

262 1008 265 1029 ³
305 1007 502 1066 Huebnerus
523 1009 647 1067 conicit
668 1007 815 1085 pugnam
834 1010 1049 1068 Mundensem
1071 1010 1279 1068 commissam
1302 1027 1387 1069 esse

197 1107 243 1164 ad
258 1104 362 1164 Torre
378 1106 575 1180 Albaquime
585 1106 608 1184 ¹)
629 1107 786 1181 oppidum
808 1123 911 1181 prope
932 1109 1021 1181 quod
1043 1107 1141 1166 bodie
1163 1124 1298 1184 campus
1320 1127 1374 1169 vc·
1401 1093 1403 1097 ¹

196 1211 294 1262 catur
315 1207 414 1262 15555
434 1205 474 1262 de
493 1205 621 1263 Mandu
637 1203 766 1278 (Jabn's
780 1205 897 1264 Jahrb.
920 1206 1007 1266 1862.
1023 1223 1053 1280 p.
1069 1207 1108 1264 34
1130 1223 1178 1280 sq.
1200 1215 1232 1264 et
1253 1209 1373 1266 Annali

194 1302 274 1362 dell’
311 1302 390 1361 lust.
412 1303 446 1360 di
466 1303 603 1378 corrisp.
626 1303 767 1361 arcbcol.
793 1307 869 1365 1862
891 1320 921 1377 p.
946 1306 1025 1378 100).
1069 1303 1109 1362 111
1138 1319 1255 1379 reapse
1283 1305 1374 1364 Mun-

195 1402 278 1460 darn
297 1418 320 1459 a
332 1400 447 1460 Serica
466 1417 527 1460 scu
547 1403 591 1460 ab
604 1402 734 1478 Ategua
757 1403 799 1460 ad
820 1403 992 1461 meridiem
1013 1419 1130 1461 versus
1153 1402 1250 1461 sitam
1271 1403 1374 1462 fuisse

197 1500 282 1557 baec
304 1500 432 1558 docent
475 1499 620 1558 Primum
641 1499 818 1574 Pompeius
850 1517 926 1558 cum
957 1516 1060 1575 prope
1082 1501 1246 1576 Ateguam
1267 1503 1375 1576 repul-

195 1609 264 1654 sus
287 1605 378 1655 esset
410 1599 453 1674 (b.
476 1597 515 1656 H.
551 1597 676 1656 14-15.
699 1599 730 1672 5)
757 1598 902 1671 itemque
924 1598 1090 1674 Ateguani
1122 1613 1244 1674 magna
1276 1599 1372 1658 clade

194 1703 341 1770 accepta
363 1696 526 1772 fugissent
554 1697 588 1754 in
609 1697 725 1754 urbem
748 1696 822 1770 (1.1.
848 1695 892 1754 16.
918 1699 1008 1770 1-5)
1036 1697 1102 1754 iam
1131 1697 1320 1770 desperans.
1333 1699 1374 1755 de

195 1794 325 1869 oppido
348 1795 513 1852 servando
535 1801 729 1868 ceterasque
750 1795 930 1869 providens
952 1795 1105 1853 civitates
1131 1811 1207 1852 555
1229 1795 1375 1854 defectu-

198 1907 254 1950 ras
272 1891 384 1960 55551)
405 1893 565 1950 militibus
587 1892 780 1950 convocatis
802 1893 846 1949 ad
866 1911 957 1951 more
978 1910 1108 1950 uersum
1135 1893 1318 1951 exercitum
1340 1909 1375 1951 se
1452 1937 1459 1951 .

195 1990 420 2048 deducturum
439 2007 513 2048 5555
534 1979 662 2048 indicat
683 1991 726 2063 (b.
742 1989 780 2048 H.
805 1992 851 2050 18.
874 1997 915 2064 5).
958 1990 1044 2064 Quid
1063 1991 1238 2064 Pompeius
1261 1992 1374 2049 obscu-

199 2088 246 2146 ris
267 2087 332 2146 illis
354 2089 466 2146 verbis
499 2091 653 2148 55155555
686 2105 815 2146 5555555
842 2090 990 2160 senserit,
1026 2088 1125 2146 facile
1151 2089 1375 2165 intellegimus

197 2187 230 2244 si
260 2187 295 2244 id
322 2193 471 2245 tenemus
503 2188 595 2260 quod
629 2187 745 2245 classis
775 2187 845 2245 eius
874 2186 1024 2246 Carteiae
1035 2187 1058 2265 ³)
1082 2187 1261 2246 constituta
1293 2195 1373 2246 erat.

198 2285 288 2342 Huic
306 2301 408 2358 quam
428 2286 579 2360 proxime
608 2286 726 2344 adesse
753 2301 828 2343 cum
849 2301 902 2343 res
924 2286 958 2343 in
980 2286 1158 2344 discrimen
1189 2293 1376 2362 vocaretur,

197 2383 336 2458 Pompei
354 2391 447 2441 certe
475 2384 620 2442 maxime
641 2383 810 2441 intererat.
851 2384 969 2443 Verbis
991 2384 1093 2460 igitur
1114 2384 1179 2441 illis
1200 2384 1376 2457 Pompeius

196 2481 314 2555 copias
334 2479 543 2539 Carteiam
564 2497 714 2538 versus
745 2497 779 2538 se
801 2481 967 2538 deducere
988 2481 1075 2539 velle
1099 2481 1273 2558 significat.
1316 2479 1375 2540 Cui

200 2580 250 2637 rei
274 2580 309 2637 id
332 2596 467 2653 quoque
494 2586 690 2656 argumento
723 2586 772 2638 est
804 2579 894 2653 quod
925 2579 1032 2637 Varus
1064 2580 1134 2637 dux
1166 2578 1377 2639 0155515051·-

197 2677 336 2736 teiensis
365 2694 431 2736 nou
465 2679 569 2737 multo
601 2684 776 2752 postquam
801 2677 976 2752 Pompeius
1009 2677 1130 2737 milites
1162 2678 1203 2736 dc
1236 2677 1375 2735 consilio

198 2792 263 2834 suo
284 2777 443 2836 certiores
469 2778 604 2847 fecerat,
640 2777 674 2834 in
703 2777 821 2835 castris
842 2776 1052 2850 Pompeianis
1085 2771 1238 2850 apparuit
1270 2776 1313 2851 [b.
1336 2775 1376 2832 H.

199 2877 249 2935 27.
272 2875 313 2949 2).

241 3005 243 3013 .
309 2973 436 3031 Deinde
474 2973 649 3048 Pompeius
688 2991 707 3030 a
742 2973 860 3031 Sorica
903 2973 1075 3031 contendit
1109 2972 1328 3046 Ventiponem
1344 2976 1378 3048 ⁴),

198 3087 304 3144 quam
324 3072 441 3129 urbem
462 3071 559 3129 bodie
581 3071 751 3131 Casalicbe
774 3087 845 3129 5555
867 3077 1006 3129 constat.
1049 3070 1191 3146 Ventipo
1220 3077 1332 3129 autem
1358 3085 1378 3128 a

200 3167 318 3228 Sorica
337 3171 383 3227 ad
404 3153 577 3227 meridiem
598 3170 661 3227 sita
683 3175 762 3227 erat.
799 3170 948 3244 Denique
969 3169 1143 3244 Pompeius
1173 3169 1268 3228 clade
1290 3169 1378 3243 apud

187 3267 358 3352 xMundam
380 3274 519 3342 accepta
539 3275 640 3342 atque
662 3269 772 3326 minus
795 3270 871 3326 belle
893 3270 1011 3327 habeas
1038 3269 1080 3344 (b.
1103 3268 1142 3326 H.
1167 3273 1213 3328 32.
1237 3267 1267 3344 6)
1303 3267 1378 3326 Car-

200 3351 304 3424 teiam
326 3366 412 3442 fugit
442 3373 531 3424 certe
563 3377 633 3424 tum
664 3366 742 3439 quia
770 3367 885 3424 classis
906 3367 953 3424 ibi
979 3367 1145 3441 manebat,
1182 3381 1257 3424 oum
1289 3365 1377 3441 quod

201 3465 355 3538 proxima
374 3471 449 3522 erat
469 3463 616 3536 Carteia3
652 3465 741 3538 quod
764 3465 791 3522 si
812 3465 941 3539 probes,
977 3463 1100 3522 Munda
1132 3465 1175 3521 ad
1207 3465 1379 3522 meridiem

203 3579 321 3621 versus
344 3564 406 3621 sita
421 3564 483 3622 fuit
504 3581 524 3620 a
538 3562 653 3621 Sorica
675 3570 775 3636 atquo
796 3563 884 3620 inter
898 3563 959 3620 boc
982 3562 1139 3636 oppidum
1162 3562 1378 3620 etCarteiam.

206 3665 440 3762 *llari-est
460 3698 493 3753 14
512 3714 550 3753 m.
570 3713 597 3766 p.
617 3700 653 3752 ab
673 3699 744 3752 urbe
764 3697 868 3752 Ronda
887 3697 990 3762 (NNW
1009 3712 1026 3750 5
1044 3696 1168 3761 Rondal:

313 3786 333 3852 ²)
350 3786 469 3858 'Eaeirqc
482 3786 507 3838 δὲ
519 3794 567 3860 τῆς
585 3785 682 3848 πόλεως
692 3789 831 3854 (Ategua)
845 3784 966 3858 ἁλούοης,
985 3783 1064 3837 οὐκέτ’
1083 3783 1152 3837 οὐδὲν
1170 3783 1193 3836 ot
1212 3783 1285 3836 ἄλλοι
1304 3773 1380 3857 qap?-

198 3876 274 3948 μιζεν
293 3896 300 3907 .
319 3874 378 3928 ἀλλ’
397 3875 526 3952 51551151
544 3878 589 3946 μὲν
614 3873 683 3927 αὐτοὶ
702 3876 761 3946 πρὸς
786 3876 827 3926 τὸν
845 3871 965 3946 Καίσαρα
992 3873 1141 3946 μεθίσταντο
1167 3874 1380 3946 πρεσβευσάμενοι,

198 3964 291 4018 πολλοὶ
311 3963 336 4017 δὲ
355 3964 509 4018 5511515550
522 3963 594 4018 ababa
606 3965 663 4027 τοὺς
676 3964 702 4016 δὲ
715 3964 915 4037 ὑποστρατήγους
928 3962 1004 4016 αὐτοῦ
1017 3963 1129 4035 ἐδέχοντο
1143 3965 1206 4026 (Dio
1216 3964 1316 4020 XLIII
1326 3964 1380 4027 35).
1493 3973 1496 3982 ’

315 4053 336 4124 ³)
357 4059 387 4111 51
406 4057 555 4112 1150551115
574 4069 664 4124 prope
684 4055 845 4122 Algeciras.
883 4055 954 4110 51.
974 4057 1005 4110 L.
1025 4055 1055 4109 ΙΙ
1075 4054 1134 4110 242.

315 4145 336 4210 ‘l
354 4147 540 4214 Quamquam
562 4147 665 4201 auctor
693 4146 718 4199 b.
746 4146 783 4198 H.
812 4147 913 4213 aperte
937 4159 996 4198 non
1023 4143 1124 4220 retulit
1156 4144 1378 4210 Pompeium

203 4236 403 4304 Ventiponem
428 4236 618 4291 corrtendisse
647 4238 682 4298 (c.
703 4236 746 4290 27.
766 4233 792 4297 5)
822 4236 922 4290 tamen
950 4234 1067 4289 credere
1093 4233 1227 4300 cogimur
1252 4233 1307 4288 bac
1332 4232 1381 4287 via

199 4339 275 4380 eum
294 4339 487 4393 progressum
504 4339 581 4388 esse,
611 4339 680 4380 cum
710 4324 864 4378 Caesar
891 4322 1089 4390 Ventiponem
1109 4322 1233 4376 venerit.
1271 4321 1382 4376 Caesar

198 4415 307 4470 autem
327 4416 390 4469 1515
410 4414 515 4469 itinere
534 4415 570 4468 ab
582 4414 702 4482 Ategua
719 4413 858 4468 Mundam
878 4425 973 4478 usquc
992 4410 1164 4478 Pompeium
1184 4412 1306 4466 secutus
1325 4415 1381 4466 est.

199 4503 335 4562 Secutus
353 4506 403 4558 est
423 4518 490 4558 eum
512 4503 637 4558 Ucubim
656 4503 797 4570 ipagmm
816 4501 947 4556 Soricam
967 4499 1125 4554 Carrucam
1144 4499 1292 4554 Mundam.
