3250 4944
820 411 858 470 16

241 630 243 635 ,
282 583 328 624 ex.
343 562 537 635 iereiCaesar
551 567 705 627 Corduba
726 569 858 626 decedit
879 577 979 643 atque
1000 570 1034 628 iu
1052 573 1204 631 morbum
1221 572 1338 630 incidit
1360 567 1437 652 (Dio

306 639 380 694 N0V·
457 665 582 726 ,xum
603 668 650 728 aa
674 667 742 724 en

268 766 336 820 Dec.
357 765 388 819 et
415 763 565 823 Caesaris
587 764 703 838 copiae
722 765 829 823 hieme
851 766 912 823 sub
934 766 1088 825 tenuibus
1112 767 1262 826 tentoriis
1296 769 1346 827 rei
1368 770 1435 828 fru-

291 837 356 892 Μ’
476 862 659 920 menteriae
680 862 873 921 difficultate
888 863 1078 923 laborantes
1094 866 1197 924 vitam
1219 866 1345 942 degunt
1361 867 1438 933 (Dio

189 1029 191 1032 ¹
357 1039 360 1042 .
476 959 583 1018 XLIII
605 965 652 1023 32.
676 959 745 1038 7).⁰³

258 1076 304 1118 ex.
324 1061 394 1117 Dec.
417 1057 539 1118 Caesar
559 1059 675 1118 consul
697 1067 828 1118 creatur
850 1069 1003 1134 quartum
1026 1061 1098 1139 (Dio
1113 1045 1220 1123 XLIII
1242 1065 1328 1125 33.1.
1350 1065 1437 1127 Plut..

242 1159 407 1244 4Q
478 1157 639 1217 Caesdd.
663 1162 689 1217 1.
732 1157 819 1222 Suet.
843 1157 933 1218 Caes
958 1161 1017 1234 76).

248 1239 397 1324 ernian,
418 1255 539 1316 Caesar
569 1262 745 1330 postquam
779 1258 959 1328 convaluit,
992 1275 1066 1316 cum
1106 1260 1222 1334 copiae
1250 1261 1285 1318 in
1315 1260 1435 1320 itinere

272 1339 319 1395 th
338 1339 378 1394 iss-
478 1354 614 1412 relictae
635 1355 859 1431 advenissent,
891 1356 1017 1414 Baetim
1038 1359 1281 1434 transgreditur
1303 1365 1335 1417 et
1360 1359 1435 1417 Ate·

286 1412 370 1467 Mi·
477 1468 577 1528 guam
593 1453 763 1511 contenuit
777 1453 851 1528 (mo
867 1454 972 1512 xnm
987 1459 1034 1517 aa
1052 1458 1085 1528 73
1107 1457 1154 1517 32.
1171 1457 1198 1513 2.
1214 1458 1245 1514 u.
1261 1457 1300 1515 Η.
1317 1457 1344 1515 e.
1366 1455 1435 1532 nr*

255 1556 294 1610 iu.
314 1554 399 1610 Febr.
417 1549 539 1610 Caesar
560 1551 718 1625 oppidum
750 1553 839 1610 vallo
875 1553 1030 1626 fossaque
1065 1555 1297 1612 circummunit
1329 1562 1434 1629 atque

428 1699 430 1702 .
477 1650 608 1708 obsidet
629 1649 672 1727 (b.
695 1649 734 1713 H.
758 1651 784 1708 6.
808 1655 835 1711 3.
857 1651 918 1709 Dio
940 1651 1047 1709 XLIII
1068 1656 1116 1713 33.
1131 1657 1172 1713 3r.

317 1753 334 1805 6
415 1748 591 1822 Pompeius
613 1749 722 1807 subito
745 1750 895 1823 erumpit,
925 1750 1053 1822 equites
1068 1749 1284 1810 Caesarianos
1307 1751 1364 1825 qui
1397 1753 1436 1810 in

477 1848 618 1906 statione
627 1854 712 1922 sunt,
721 1848 875 1916 concidit,
889 1848 1071 1907 Munatium
1079 1849 1236 1908 Flaccum
1246 1849 1303 1924 qui
1312 1850 1436 1924 oppido

475 1945 609 2020 praesit,
631 1946 820 2004 intromittit
835 1946 879 2022 (b.
895 1945 933 2004 H.
951 1947 977 2004 6.
993 1948 1081 2005 4-7.
1104 1947 1165 2005 Dio
1179 1946 1286 2006 XLIII
1300 1952 1348 2010 33.
1364 1947 1435 2025 4).“

317 2039 333 2090 'l
414 2044 591 2118 Pompeius
626 2042 756 2102 Salsum
783 2044 976 2102 transmittit
1008 2051 1041 2102 et
1075 2051 1185 2103 eastra
1220 2045 1313 2120 pouit
1348 2046 1437 2104 iuter·

476 2142 640 2216 Ateguam
662 2149 695 2199 et
716 2142 856 2201 Ucubim
878 2141 922 2220 (b.
944 2142 984 2200 H.
1007 2147 1034 2203 7.
1058 2142 1098 2220 1).

317 2233 334 2286 8
415 2239 608 2314 Pompeium
623 2246 805 2297 castrorum
827 2240 1114 2298 Postumianorum
1140 2242 1313 2299 castellum
1334 2257 1432 2316 oppu-

476 2343 636 2414 gnantem
652 2336 773 2397 Caesar
795 2338 829 2395 in
850 2338 965 2414 fugam
979 2339 1079 2396 vertit
1101 2339 1144 2417 (b.
1159 2339 1198 2398 H.
1215 2341 1243 2398 8.
1260 2340 1365 2398 6-10,
1388 2338 1430 2416 1).

318 2429 334 2482 9
416 2436 467 2494 Hx
488 2435 585 2494 ltalia
607 2435 650 2493 ad
672 2435 847 2495 Caesarem
869 2437 996 2494 auxilia
1017 2437 1156 2495 veniunt
1178 2439 1221 2499 rb.
1233 2437 1273 2496 H.
1287 2439 1332 2496 10.
1348 2440 1375 2509 1,
1389 2439 1431 2512 2).

474 2535 651 2608 Pompeius
677 2533 865 2594 Cordubam
893 2536 1063 2594 contendit
1085 2536 1117 2613 (l.
1140 2537 1160 2593 l.
1185 2538 1230 2594 10.
1254 2535 1294 2614 3).

312 2626 343 2678 12
416 2631 581 2708 Oppidani
603 2649 676 2690 cum
693 2633 842 2692 Caesaris
865 2650 964 2709 opera
980 2651 997 2692 e
1012 2635 1114 2693 muris
1129 2635 1308 2693 incendere
1324 2635 1434 2693 conati

477 2737 586 2789 essent
607 2731 651 2806 (b.
667 2731 706 2790 H.
729 2734 775 2790 11.
798 2734 832 2805 2;
857 2735 901 2794 1-2.
918 2732 958 2810 4),
981 2750 1024 2791 ex
1045 2735 1127 2792 urbe
1143 2739 1318 2808 erumpunt
1333 2733 1391 2792 sed
1413 2749 1433 2790 a

476 2828 683 2889 Caesarianis
704 2830 910 2904 repelluntur
931 2830 975 2908 (b.
997 2831 1036 2890 H.
1061 2834 1106 2894 m.
1130 2833 1171 2904 6).

415 2926 590 3002 Pompeius
611 2927 783 2986 brachium
805 2929 897 2987 ducit
917 2931 959 2988 ad
982 2929 1112 2988 Salsum
1134 2931 1177 3008 (b.
1199 2930 1238 2988 H.
1262 2933 1309 2991 13.
1334 2932 1373 3002 1).

416 3025 500 3084 Muri
521 3032 615 3100 parte
637 3027 766 3084 deiecta
792 3044 812 3084 a
837 3028 1002 3102 praesidio
1028 3029 1202 3104 Ateguano
1229 3029 1332 3105 legati
1363 3029 1435 3086 mit-

478 3129 602 3195 tuntur,
635 3124 755 3199 quibus
784 3123 905 3184 Caesar
930 3127 1124 3199 respondet:
1153 3143 1187 3185 se
1221 3126 1434 3185 condiciones

483 3222 573 3297 dare,
602 3238 670 3280 non
691 3223 851 3297 accipere.
900 3223 1033 3298 Legatis
1054 3224 1088 3283 in
1110 3226 1269 3300 oppidum
1289 3223 1436 3283 reversis

478 3320 764 3379 vehementissime
786 3321 863 3379 hinc
892 3328 991 3395 atquc
1020 3322 1112 3382 illinc
1134 3325 1201 3382 tela
1223 3323 1436 3382 coniciuntur

478 3419 521 3496 (b.
543 3418 583 3477 H.
608 3420 652 3478 13.
675 3422 703 3480 4.
745 3419 807 3478 Dio
828 3418 935 3478 XLIII
957 3423 1004 3482 34.
1029 3421 1070 3500 5).

416 3518 523 3576 Trans
545 3517 674 3577 Salsum
697 3519 834 3576 castello
850 3519 1030 3576 constituto
1052 3526 1084 3577 et
1105 3519 1265 3578 militibus
1281 3519 1436 3579 stationis

476 3617 695 3677 Caesarianae
723 3619 888 3693 propulsis
916 3619 1091 3692 Pompeius
1112 3619 1244 3694 longius
1266 3617 1434 3695 progredi-

476 3727 530 3774 tur
551 3717 609 3774 sed
638 3734 658 3775 a
679 3716 886 3777 Caesarianis
918 3717 952 3775 in
989 3725 1098 3775 castra
1129 3717 1291 3793 redigitur
1325 3715 1369 3794 (b,
1390 3713 1433 3774 H.

478 3816 604 3873 14-15.
626 3817 667 3875 br.
713 3816 868 3889 Hospites
902 3815 1069 3892 Ateguaui
1104 3816 1297 3893 iugulantur
1332 3821 1365 3873 et
1390 3815 1434 3872 de

476 3929 570 3970 muro
589 3913 851 3988 praecipitantur
873 3914 915 3991 (b.
938 3915 977 3973 H.
1002 3917 1047 3975 15.
1071 3915 1111 3994 6).

417 4010 596 4085 llruptione
618 4013 770 4071 omnibus
806 4013 910 4088 copiis
936 4014 1026 4072 facta
1061 4014 1171 4071 hostes
1197 4012 1370 4072 aCaesare
1398 4012 1433 4069 in

476 4109 592 4168 urbem
613 4111 796 4169 reiciuntur
818 4111 861 4190 (b.
882 4112 923 4170 Η.
947 4114 993 4170 16.
1017 4112 1116 4189 1-5).

416 4207 591 4283 Pompeius
612 4209 773 4268 militibus
803 4212 947 4269 ostendit
972 4227 1007 4268 se
1043 4211 1227 4269 exercitum
1262 4210 1306 4268 ad
1340 4223 1433 4266 mare

477 4306 697 4366 deducturum
726 4324 808 4384 esse,
843 4309 932 4381 quod
960 4310 1109 4385 Ateguae
1138 4308 1285 4367 subsidio
1318 4305 1433 4365 venire

477 4421 543 4463 uon
565 4411 676 4480 posset
698 4404 741 4483 (b.
764 4405 804 4463 H.
828 4407 874 4462 18.
897 4406 937 4482 5).
