3250 4944
269 1241 405 1301 Constat
425 1256 478 1298 res
493 1246 604 1316 gestas
626 1243 716 1297 recte
731 1237 880 1314 intellegi
901 1253 967 1294 non
990 1251 1095 1311 posse,
1118 1235 1181 1292 nisi
1204 1240 1236 1292 et
1258 1241 1335 1292 tem-

161 1356 280 1416 porum
295 1346 327 1398 et
348 1339 496 1398 locorum
510 1335 762 1414 diligentissime
777 1337 939 1394 habeatur
953 1335 1046 1398 ratio,
1070 1333 1168 1392 Haud
1183 1332 1333 1390 inutilem

165 1438 267 1515 igitur
288 1453 423 1512 operam
443 1451 585 1496 navasse
606 1435 686 1493 mihi
708 1435 832 1505 videor,
854 1435 934 1492 dum
954 1449 1007 1490 res
1030 1449 1050 1490 a
1070 1431 1211 1491 Caesare
1240 1430 1335 1488 annis

160 1537 282 1596 47-45
304 1552 333 1600 a.
356 1535 428 1596 Chr.
450 1551 481 1593 n.
503 1535 537 1592 in
558 1534 674 1592 Africa
694 1537 727 1590 et
755 1533 789 1590 in
811 1531 972 1606 Hispania
1003 1535 1114 1606 gestas
1150 1529 1194 1587 ad
1228 1535 1338 1587 certos

164 1651 295 1705 menses
324 1634 462 1708 diesque
494 1647 652 1692 revocare
682 1629 803 1689 studui.
844 1629 928 1687 Nam
956 1628 997 1686 de
1025 1627 1107 1686 locis
1134 1633 1167 1685 et
1188 1627 1338 1685 Tissotus

160 1733 382 1810 (Recherohes
404 1747 460 1790 sur
481 1731 514 1788 la
535 1745 719 1806 campagne
741 1728 782 1786 de
804 1726 904 1787 Cesar
925 1743 966 1784 en
987 1726 1126 1800 Afrique
1147 1741 1208 1800 par
1228 1725 1269 1784 M.
1281 1723 1335 1788 Ch.

161 1831 283 1900 iisset,
320 1831 371 1887 cfr
400 1827 571 1886 Memoires
597 1828 639 1886 de
659 1827 816 1885 l’Institut
837 1825 986 1884 national
1013 1824 1213 1896 deluendo,
1249 1829 1338 1882 tome

164 1927 289 2005 XXXI>
312 1933 345 1984 et
359 1925 501 1985 Hurtadi
515 1926 634 1984 fratres
657 1924 790 2003 (Munda
805 1924 1016 1998 Pompeiana,
1037 1922 1195 1981 Memoria
1216 1922 1338 1981 escrita

163 2041 226 2100 por
247 2026 284 2088 D,
306 2023 386 2084 Jose
408 2041 431 2100 y
451 2025 489 2085 D.
500 2025 633 2083 Manuel
655 2021 769 2082 Oliver
783 2022 944 2092 Hurtado,
964 2021 1094 2079 Madrid
1116 2019 1206 2098 1860)
1228 2020 1340 2094 dispu-

164 2130 277 2182 tarunt
299 2124 431 2198 optime,
454 2129 604 2197 tempora
623 2137 689 2179 non
709 2121 962 2196 investigarunt.
1005 2117 1086 2179 Cum
1107 2124 1219 2177 autem
1239 2119 1338 2192 pauci

162 2223 277 2280 diesa
303 2221 520 2296 scriptoribus
551 2220 633 2294 ipsis
664 2224 821 2277 notentur
852 2218 1052 2293 plurimique
1084 2217 1338 2275 ratiocinatione

161 2319 379 2394 computandi
401 2319 475 2391 sint,
498 2318 625 2377 caiam
646 2317 824 2376 indicanda
846 2333 918 2374 esse
940 2327 1020 2390 puto
1042 2317 1162 2389 quibus
1184 2322 1254 2374 tota
1276 2316 1338 2372 dis-

166 2417 294 2493 putatio
316 2417 469 2476 innititur
489 2415 723 2477 fundamentis.

271 2517 380 2590 Atque
402 2517 543 2590 primum
565 2515 698 2590 quidem
720 2515 856 2572 tradunt
886 2513 963 2572 fasti
991 2512 1117 2587 publici
1139 2512 1253 2586 populi
1274 2511 1336 2570 Ro-

166 2614 257 2672 mani
278 2613 399 2686 quibus
421 2613 538 2672 diebus
559 2612 683 2687 Thapsi
705 2616 738 2670 et
758 2610 900 2670 Mundae
922 2611 1128 2671 decertatum
1150 2610 1201 2668 sit.
1236 2609 1340 2669 Lucu-

166 2711 324 2770 lentiores
345 2726 425 2770 vero
448 2717 524 2770 sunt
545 2711 611 2768 duo
626 2716 778 2769 auctores
799 2710 880 2768 belli
890 2709 1040 2768 Africani
1062 2713 1095 2766 et
1109 2707 1339 2783 Hispaniensis

162 2810 224 2884 qui
245 2809 466 2868 iuterfuerunt
496 2808 593 2867 bellis
620 2809 701 2882 ipsis
732 2816 764 2866 et
786 2808 1040 2867 commentarios
1062 2807 1220 2864 videntur
1240 2806 1340 2882 scrip·

166 2908 250 2968 sisse
271 2915 309 2965 ut
330 2907 404 2965 usui
420 2913 530 2965 essent
541 2906 649 2964 Hirtio
670 2907 704 2964 in
719 2906 894 2965 narrandis
909 2906 1033 2964 ultimis
1048 2905 1145 2963 bellis
1167 2922 1187 2963 a
1199 2904 1340 2965 Caesare

162 3007 277 3082 gestis.
320 3004 384 3084 (cfr
405 3005 437 3066 C.
459 3005 660 3080 Nipperdey,
692 3005 733 3062 de
762 3005 921 3079 supplem.
945 3010 1156 3072 commentar,
1179 3003 1338 3074 Caesaris,

166 3103 395 3181 Berol.1846).
438 3105 563 3162 Auctor
584 3103 671 3161 enim
693 3103 778 3161 alter
806 3103 883 3160 inde
912 3104 955 3160 ab
983 3103 1118 3161 ineunte
1147 3103 1234 3161 bello
1256 3103 1339 3161 Afri-

165 3213 254 3257 cano
270 3201 362 3258 affuit
382 3218 487 3274 usque
509 3202 552 3260 ad
574 3208 758 3259 extremum
780 3207 880 3274 atque
903 3199 1112 3278 ‘narrationis
1134 3201 1252 3258 seriem
1273 3216 1339 3258 uon

167 3297 215 3356 ita
228 3297 370 3354 instituit
390 3304 428 3354 ut
443 3315 527 3370 quae
543 3315 579 3356 re
591 3299 768 3358 coniuncta
785 3304 889 3370 erant,
912 3305 1124 3372 componeret
1145 3298 1204 3356 sed
1226 3313 1340 3356 secun-

165 3396 246 3453 dnm
269 3395 426 3468 temporis
448 3396 597 3454 ordinem
626 3397 737 3455 omnia
766 3396 932 3455 distraxit'
965 3396 1133 3472 (Nipperd
1160 3395 1339 3456 Commeut.

166 3510 198 3570 p.
231 3494 290 3572 15).
339 3493 522 3554 Duodecim
553 3495 624 3552 dies
655 3495 711 3553 ille
741 3495 776 3553 in
807 3495 997 3554 narratione
1030 3494 1192 3568 ascripsit.
1249 3494 1340 3552 Alter

166 3609 248 3651 vero
279 3600 396 3652 auctor
431 3593 473 3650 ab
504 3592 654 3669 Ateguae
684 3593 816 3651 demum
847 3592 1095 3669 oppugnatione
1125 3593 1159 3650 in
1190 3591 1340 3650 exercitu

163 3690 317 3750 Caesaris
352 3691 454 3750 fuisse
489 3691 656 3766 putandus
692 3698 750 3750 est.
812 3691 893 3752 Cum
928 3690 1015 3749 enirn
1050 3691 1092 3748 ab
1126 3690 1221 3748 initio
1260 3689 1341 3749 belli

166 3789 396 3865 Hispaniensis
418 3790 461 3848 ad
475 3791 626 3866 Ateguae
645 3791 851 3849 obsidionem
873 3807 980 3864 usque
1001 3805 1054 3848 res
1069 3795 1180 3866 gestas
1195 3805 1340 3849 summas

165 3894 295 3947 tantum
317 3888 474 3964 attigerit,
495 3889 573 3947 inde
595 3896 706 3947 autern
727 3890 847 3964 quibus
869 3890 987 3948 diebus
1008 3895 1041 3947 et
1063 3905 1128 3963 quo
1151 3889 1266 3947 ordine
1287 3906 1340 3948 res

164 3992 280 4062 gestae
303 3987 369 4044 sint
389 3987 643 4064 diligentissime
658 3989 855 4060 narraverit,
877 3989 949 4046 veri
964 3987 1166 4046 simillimum
1189 3995 1238 4045 est
1252 3987 1341 4070 hunc

166 4084 301 4143 ineunte
322 4085 410 4143 bello
432 4086 579 4144 nondum
601 4085 735 4145 affuisse
781 4087 840 4145 sed
872 4102 948 4145 cum
975 4087 1016 4144 iis
1037 4085 1213 4144 advenisse
1235 4085 1340 4158 copiis

167 4199 253 4256 quae
275 4199 295 4240 a
310 4181 452 4242 Caesare
467 4185 501 4240 in
516 4184 633 4242 itinere
649 4185 785 4243 relictae
800 4184 952 4243 restituta
963 4184 1135 4242 dictatoris
1147 4183 1340 4240 valetudine

166 4288 384 4340 occurrerunt
407 4280 470 4357 (cfr
490 4281 578 4340 infra
593 4283 727 4358 Argum.
744 4282 818 4344 adn.
842 4283 901 4361 64),
944 4283 1026 4340 Tres
1041 4289 1169 4340 tantum
1184 4280 1255 4338 dies
1277 4282 1340 4340 hoc

164 4378 201 4436 in
217 4379 453 4438 commentario
469 4380 603 4454 ascripti
619 4387 703 4440 sunt.
746 4381 918 4455 Temporis
934 4379 1077 4453 denique
1099 4379 1189 4453 quod
1203 4380 1345 4438 interest
