3250 4944
764 356 802 412 35

181 515 266 590 vQua
287 515 329 572 de
351 529 452 571 eausa
474 513 545 571 veri
568 513 770 596 simillimum
792 519 842 570 est
855 501 1072 572 Caesarianos
1094 513 1237 570 exeunte
1257 529 1375 570 mense-

188 611 298 688 Aprili
333 618 366 669 et
396 627 510 668 mense
538 611 623 668 Maio
659 610 693 669 in
726 610 974 686 oppugnatione
994 609 1132 670 Ursonis
1164 611 1372 684 aliorumque

190 710 391 786 oppidorum
419 725 491 766 esse
514 715 710 784 occupat0s3
746 725 858 767 mense
890 716 1002 768 autem
1023 708 1109 767 Maio
1137 708 1263 766 bellum
1295 724 1377 766 con--

190 809 318 866 fectum
340 823 411 864 esse
444 805 478 863 id
500 806 598 865 docet
632 807 722 880 quod
757 807 890 865 devicto
921 823 960 865 ac
983 807 1091 866 deleto
1113 807 1255 865 hostium
1279 821 1371 864 exer-

191 907 272 970 citu.
294 904 477 963 interfectis
499 910 557 961 aut
578 904 702 980 fugatis
724 904 865 962 ducibus
879 904 1100 980 Pompeianis,
1120 905 1259 963 urbibus
1280 905 1371 962 nobi-

192 1003 327 1062 lissimis
350 1002 560 1078 expugnatis,
596 1001 731 1060 Baetica
752 1018 859 1076 paene
881 1009 951 1060 tota
981 1003 1015 1060 in
1037 1002 1188 1062 Caesaris
1210 1003 1370 1061 ditionem

195 1103 341 1177 redacta,
362 1099 447 1160 Urso
470 1107 667 1174 ceteraeque
689 1100 842 1158 civitates
864 1100 1008 1158 minores
1036 1101 1156 1158 victori
1178 1101 1302 1159 diutius
1323 1115 1371 1158 re·

195 1200 308 1258 sistere
331 1215 397 1258 non
419 1204 608 1272 potuerunt,
621 1198 640 1275 ¹)
662 1197 858 1272 praesertim
880 1215 955 1257 oum
976 1199 1120 1257 dictator
1135 1197 1284 1258 Gadibus
1298 1197 1378 1256 His·
1404 1217 1406 1238 ·

194 1299 295 1372 palim
323 1313 478 1356 reversus
511 1297 554 1368 (b.
577 1295 616 1356 H.
639 1297 687 1353 42.
715 1298 729 1353 1
753 1297 831 1354 ride
854 1297 953 1355 etiam
974 1314 1005 1372 p.
1027 1298 1079 1372 43)
1115 1297 1182 1355 iam
1202 1313 1268 1354 non
1290 1296 1371 1355 alibi

197 1395 398 1454 detineretur
419 1410 458 1453 ac
474 1395 586 1467 copias
602 1411 677 1452 oum
693 1393 729 1468 Q.
745 1393 840 1451 Fabii
862 1394 1012 1453 exercitu
1034 1395 1235 1472 coniungere
1251 1400 1373 1470 posset.

301 1493 366 1552 Sed
389 1493 455 1550 iam
478 1493 518 1550 de
540 1491 690 1552 Caesaris
712 1492 829 1550 itinere
847 1492 1029 1572 *dicendum
1051 1500 1109 1556 est.
1157 1491 1292 1552 Orosius
1314 1491 1371 1570 (VI

196 1594 245 1654 16l
275 1593 377 1650 refert
405 1589 580 1650 Caesarem
612 1593 649 1648 17
682 1590 799 1649 diebus
829 1590 934 1648 Roma
960 1590 1153 1666 Saguntum,
1196 1591 1371 1650 Suetonius

195 1689 299 1766 (Caes.
317 1690 368 1767 56)
391 1691 430 1747 24
451 1688 569 1746 diebus
583 1688 690 1746 Roma
702 1688 737 1746 in
751 1687 947 1762 Hispaniam
962 1687 1154 1746 ulteriorem
1169 1687 1371 1763 pervenisse.

196 1787 359 1846 Strabone
386 1794 523 1845 auctore
556 1785 664 1850 11114.
687 1791 718 1860 9)
747 1785 869 1844 Caesar
897 1787 936 1844 27
963 1786 1082 1844 diebus
1109 1787 1214 1846 Roma
1231 1785 1378 1846 Obulco·-

197 1884 304 1963 nem²)
327 1885 505 1955 contendit,
528 1885 700 1958 Appianus
724 1884 767 1960 (lI
790 1884 860 1961 103)
882 1883 1055 1944 Caesarem
1086 1885 1168 1942 dicit
1194 1884 1311 1943 diebus
1333 1887 1371 1943 27

199 1984 243 2040 ab
276 1985 357 2041 urbe
391 1983 530 2041 venisse.
579 1983 783 2041 Dictatorem
819 1983 988 2040 celerrime
1024 1983 1200 2041 advenisse
1236 1983 1372 2041 tradunt

200 2081 301 2139 etiam
323 2089 436 2140 auctor
456 2082 488 2142 b.
509 2080 549 2138 H.
573 2083 613 2141 12.
637 2082 666 2159 1)
690 2087 722 2138 et
743 2079 875 2140 Cassius
892 2081 954 2139 Dio
977 2079 1095 2139 ιΧΙᾸΠ
1117 2083 1164 2142 32.
1188 2080 1228 2158 1).
1269 2081 1377 2138 Porro

198 2179 408 2238 Drumannus
437 2179 488 2254 (G.
509 2180 545 2238 R.
567 2179 614 2238 ΙΙΙ
635 2196 665 2254 p.
690 2181 747 2242 633
769 2183 805 2238 Α.
830 2181 880 2244 791
902 2179 991 2254 apud
1014 2177 1166 2238 Orosium
1194 2178 1372 2256 legendum
1404 2218 1407 2224 ,

196 2278 351 2353 proponit
379 2278 538 2355 ί2711111,
566 2294 633 2336 non
654 2284 761 2351 recte3
797 2277 919 2338 Caesar
947 2278 1034 2335 enim
1067 2294 1134 2337 non
1156 2277 1272 2335 eodem
1294 2282 1377 2335 tem--

196 2392 276 2450 pore
302 2375 487 2452 Saguntum
515 2377 690 2450 pervenire
725 2376 832 2451 potuit
862 2392 929 2450 quo
951 2373 1156 2448 Obulconem
1185 2391 1272 2449 quae
1293 2376 1375 2433 urbs

198 2490 219 2531 a
240 2473 386 2550 Sagunto
408 2475 503 2532 abest
524 2476 583 2535 300
605 2474 627 2532 f.
649 2491 691 2532 111.
713 2491 743 2549 p.
786 2473 852 2533 Sed
873 2473 930 2548 qui
956 2473 1098 2532 traditus
1120 2482 1169 2533 est
1191 2475 1234 2532 ab
1256 2470 1379 2531 Orosio

198 2589 363 2645 numerus,
395 2574 488 2631 nulla
510 2573 638 2649 indiget
666 2572 907 2642 emendatione,
941 2575 1030 2647 quod
1052 2573 1173 2632 Caesar
1192 2573 1297 2631 Roma
1318 2570 1380 2630 Sa·-

199 2677 338 2747 guntum
367 2688 453 2745 quae
484 2673 563 2733 1290
595 2688 636 2730 m.
663 2689 694 2746 p.
727 2673 852 2730 distant
888 2671 974 2748 (ltin.
1003 2673 1123 2731 Anton.
1145 2688 1174 2747 p.
1200 2673 1266 2743 139,
1303 2669 1374 2748 189)

197 2771 398 2828 contendere
426 2770 533 2844 potuit
556 2773 592 2831 17
615 2770 742 2828 diebus
790 2769 842 2828 Ita
870 2771 958 2828 enim
992 2771 1132 2846 singulis
1165 2769 1282 2827 diebus
1310 2769 1376 2826 iter

198 2870 299 2932 75111,
322 2885 352 2942 p.
375 2867 405 2925 ei
427 2867 617 2926 laciendum
640 2875 720 2926 erat.
769 2866 906 2927 Constat
927 2874 1037 2925 autem
1059 2866 1235 2927 Caesarem
1256 2867 1373 2924 eodem

198 2966 357 3041 temporis
379 2967 486 3040 spatio
508 2975 649 3025 centena
670 2965 762 3024 milia
783 2966 911 3024 fecisse.
963 2964 1063 3024 uSuet.
1085 2964 1176 3029 Caes.
1200 2966 1247 3027 57.
1289 2964 1373 3023 Plut.

197 3063 290 3124 Caes.
313 3067 359 3124 17.
380 3066 412 3126 4,
425 3065 450 3138 1)
492 3065 561 3123 Nec
583 3070 721 3139 possunt
743 3063 983 3122 dubitationem
1004 3063 1121 3121 afferre
1143 3063 1200 3137 qui
1222 3079 1242 3121 a
1263 3061 1375 3122 Sueto-

197 3162 254 3220 nio
286 3170 318 3221 et
354 3179 374 3221 a
409 3163 571 3222 Strabone
599 3164 788 3221 referuntur
812 3162 941 3220 numeri
976 3177 1052 3220 cum
1078 3168 1230 3220 auctores
1258 3161 1308 3219 illi
1333 3161 1374 3219 de

198 3261 273 3320 aliis
308 3267 411 3336 agant
438 3262 553 3335 spatiis
575 3267 675 3336 atque
698 3259 842 3320 Orosius.
884 3261 1003 3319 Mirum
1024 3277 1104 3319 sane
1126 3261 1259 3318 videtur
1285 3259 1375 3334 quod

198 3358 321 3418 Caesar
340 3359 488 3435 Sagunto
517 3357 723 3418 Obuloonem
749 3359 870 3417 lentius
892 3359 911 3422 i.
935 3376 962 3417 e.
1000 3362 1037 3421 lo
1058 3359 1176 3416 diebus
1201 3358 1265 3416 iter
1286 3357 1374 3427 fecit,

199 3457 258 3516 scd
278 3457 314 3514 id
335 3474 402 3532 qua
423 3474 458 3516 re
481 3459 607 3517 factum
628 3458 679 3525 sit,
702 3474 746 3515 ex
767 3457 817 3515 his
838 3457 1032 3533 intellegere
1054 3472 1238 3531 possumus.

310 3646 329 3714 ¹)
349 3647 458 3702 Caesar
477 3647 623 3715 quianon
643 3648 713 3714 post
731 3647 889 3700 exeuntem
908 3659 1041 3699 mensem
1065 3644 1224 3712 Quintilem
1244 3643 1382 3708 (Fischer

198 3736 234 3792 R.
253 3737 283 3792 Z.
303 3751 331 3805 p.
349 3739 413 3801 302)
441 3736 586 3805 Hispania
613 3736 751 3800 decessit,
781 3735 896 3790 duobus
920 3734 1074 3789 mensibus
1092 3733 1181 3789 lunio
1205 3736 1236 3790 et
1255 3733 1376 3804 Quintili

199 3827 235 3880 ut
253 3832 322 3894 post
340 3827 448 3882 bellum
463 3825 644 3895 Africanum,
664 3827 752 3881 rebus
771 3825 938 3894 provinciae
952 3824 1165 3893 componendis
1184 3838 1307 3879 vacasse
1326 3839 1384 3892 pu·-

199 3917 311 3970 tandus
330 3919 385 3971 est.

309 4003 330 4070 2)
349 4005 437 4060 hodie
456 4007 592 4061 Porcuna
612 4004 652 4071 (O.
672 4005 694 4058 Ι.
713 4005 745 4059 L.
765 4005 795 4059 II
811 4021 838 4074 p.
858 4005 922 4070 298)
947 4005 981 4060 37
1000 4018 1039 4057 m.
1057 4018 1086 4071 p.
1106 4019 1124 4056 a
1143 4002 1277 4057 Corduba
1296 4000 1329 4064 (0
1349 4014 1376 4054 a.

199 4092 354 4158 corduba).

310 4181 331 4249 ⁸)
350 4181 476 4244 Σοντόνως
501 4181 527 4234 δὲ
555 4179 664 4255 ἤλαυνεν
691 4182 769 4243 οὕτως
788 4181 918 4249 (Caesar)
947 4181 1009 4232 ὥστε
1034 4181 1080 4250 τὴν
1105 4178 1207 4250 πρώτην
1225 4175 1308 4238 ἔξοδον
1327 4177 1381 4230 ὰπὸ-

198 4268 308 4344 Ῥὡμης
319 4271 486 4344 ποιησάμενος
506 4270 666 4343 ὀγδοαῖος
685 4271 723 4324 ἐπὶ
740 4272 781 4323 τὸν
799 4267 919 4324 Ῥοδανὸν
936 4268 1020 4321 ἐλθεῖν
1039 4268 1155 4333 (Plutl.
1168 4268 1206 4334 1.).
1244 4272 1269 4323 A
1281 4267 1377 4323 Roma

199 4361 357 4418 Arelatum
375 4377 472 4432 usque
491 4365 686 4418 numerantur
705 4364 815 4418 796111.
835 4377 862 4430 p.
882 4359 935 4426 (cfr
953 4360 1022 4414 Itln.
1042 4358 1153 4413 Anton.
1172 4373 1200 4426 p.
1220 4357 1292 4425 139).
