3250 4944
714 427 752 486 25

142 589 269 646 ducere·
283 591 380 662 arque
402 603 484 662 opus
506 586 625 660 fucore,
648 585 757 663 Scipio
775 587 853 644 item
867 588 1066 646 munitiones
1080 591 1195 645 scutra
1209 578 1320 662 facere

142 685 352 744 contendunt
375 682 418 760 (b.
433 684 470 741 A.
495 684 542 742 61.
566 685 594 759 7,
608 684 650 761 8).
694 683 789 758 Quod
805 685 884 742 dum
899 685 945 760 fit,
967 683 1101 744 Caesari
1123 703 1222 762 opero
1244 703 1321 744 cum

141 783 344 856 circumiret,
380 780 488 840 Varus
509 782 683 840 nuntiatur
713 781 747 838 in
770 782 910 840 classem
931 783 1104 840 invasisse.
1154 783 1226 841 Hoc
1248 784 1320 858 ipso

145 881 200 938 die
221 879 344 938 066666
370 879 496 938 Varum
524 881 710 954 insequitur
738 880 815 956 (1.1.
838 880 900 957 63),
930 888 1062 955 postero
1090 879 1144 938 die
1179 881 1320 940 classem

144 977 420 1038 Hadrumetinam
442 977 592 1036 adoritur
613 977 684 1056 (ib.)
725 977 834 1036 Varus
856 994 936 1054 ergo
958 978 1085 1052 aliquot
1107 979 1224 1037 diebus
1246 985 1321 1053 post

146 1073 363 1134 Gaetulorum
384 1075 500 1151 fugam
521 1075 680 1150 impetum
702 1075 836 1134 videtur
857 1076 986 1134 fecisse.

255 1200 301 1260 18.
344 1197 466 1258 Caesar
488 1199 603 1272 paucis
626 1199 743 1258 diebus
774 1207 949 1274 postquam
969 1201 1169 1259 frumentum
1193 1201 1321 1259 invenit

147 1298 191 1374 (b.
213 1299 249 1355 A.
273 1297 320 1355 65.
345 1299 372 1372 1,
393 1296 436 1374 2),
456 1297 640 1355 Labienum
661 1297 696 1354 in
717 1297 832 1373 fugam
852 1297 953 1356 vertit
976 1297 1008 1374 (1.
1031 1297 1051 1356 l.
1075 1293 1122 1357 65.
1145 1303 1174 1374 3,
1195 1301 1229 1371 4;
1259 1299 1320 1373 66).

145 1395 189 1453 At
210 1412 284 1454 cum
312 1411 379 1452 non
409 1395 489 1453 satis
517 1401 630 1469 pateat
659 1401 740 1470 quot
768 1395 838 1453 dies
859 1396 1106 1454 intercesserint
1133 1396 1220 1454 inter
1240 1396 1321 1455 Vari

147 1493 259 1568 fugam
282 1499 314 1550 et
335 1493 492 1550 immenti
512 1493 748 1564 inventionem,
782 1509 821 1551 ea
843 1510 928 1567 quae
949 1502 1128 1552 narrantur
1158 1511 1204 1552 cc.
1228 1497 1266 1556 65
1288 1501 1321 1552 et

148 1592 194 1661 66,
230 1591 264 1649 16
295 1607 443 1649 mensem
464 1591 681 1649 Decembrem
716 1599 774 1649 aut
809 1592 875 1650 iam
909 1592 944 1650 in
976 1591 1175 1679 ‚ianuarium
1212 1595 1320 1651 confe-

146 1689 251 1748 renda
275 1696 360 1748 sunt.

257 1816 303 1872 19.
346 1815 427 1872 Inde
450 1831 470 1872 a
492 1814 640 1872 discessu
662 1813 813 1872 06666616
848 1817 891 1873 ab
924 1816 1046 1890 oppido
1075 1816 1185 1875 Uzitta
1217 1817 1259 1893 (b.
1282 1819 1320 1876 A.

148 1913 196 1969 67.
219 1913 248 1985 1)
271 1928 374 1986 66666
396 1913 440 1970 ad
461 1912 549 1970 diem
571 1911 834 1972 2166666661
858 1915 901 1978 rb.
916 1915 953 1972 A.
978 1916 1024 1975 75.
1048 1916 1078 1980 1)
1101 1921 1217 1972 auctor
1238 1915 1321 1973 haec

148 2015 271 2068 narrat.
333 2009 455 2069 066666
490 2026 565 2068 cum
601 2011 768 2069 exercitus
804 2011 960 2069 frumenti
995 2011 1107 2086 inopia
1142 2013 1320 2083 laboraret,

150 2107 294 2183 Aggar¹)
317 2109 495 2176 contendit,
518 2115 628 2167 castra
649 2109 683 2166 in
706 2125 822 2183 campo
844 2110 946 2185 ponit,
982 2111 1108 2168 circum
1129 2112 1228 2170 villas
1256 2113 1321 2170 fru-

149 2212 325 2264 mentatur.
368 2206 474 2284 Scipio
496 2208 628 2266 iuterim
643 2209 769 2283 coquito
787 2207 939 2267 Caesaris
954 2210 1098 2268 discessu
1113 2211 1322 2286 subsequitur

146 2309 246 2378 atque
275 2305 317 2362 ab
346 2303 491 2362 millibus
513 2321 670 2378 passuum
700 2307 718 2364 6
744 2307 838 2364 trinis
868 2307 986 2365 castris
1015 2324 1090 2366 cum
1117 2307 1322 2366 consedisset

146 2402 190 2481 (b.
211 2401 250 2461 A.
273 2403 323 2480 67)
352 2403 395 2460 66
423 2402 535 2461 Ζ61616
550 2403 571 2481 4)
603 2404 827 2462 frumentandi
860 2421 961 2463 causa
990 2406 1139 2480 legiones
1175 2406 1320 2463 dimittit.

146 2500 276 2576 Quare
296 2501 449 2560 nuntiata
464 2501 585 2560 Caesar
606 2509 716 2560 castra
737 2503 770 2560 in
787 2504 872 2561 colle
888 2503 1041 2574 collocat,
1062 2508 1184 2580 quartu
1205 2505 1321 2579 cipiliu

149 2599 227 2677 (diei
248 2599 463 2677 insequentis)
484 2600 597 2659 Zetam
626 2601 806 2677 contendit,
835 2602 991 2676 oppidum
1014 2602 1103 2677 capit
1133 2601 1175 2678 (b.
1198 2601 1235 2659 A.
1259 2599 1321 2678 68),

147 2699 182 2756 16
217 2703 325 2756 castra
357 2715 392 2756 66
424 2699 542 2774 recipit
576 2716 641 2773 quo
677 2701 712 2757 in
746 2700 864 2758 itinere
893 2702 953 2759 vix
984 2716 1150 2777 aegreque
1182 2699 1321 2758 Labieni

144 2795 340 2870 Afraniique
376 2797 534 2872 impetum
569 2797 709 2855 sustinet
745 2796 788 2872 (b.
820 2798 857 2856 A.
888 2798 935 2856 69.
959 2798 1018 2875 70).
1069 2798 1189 2856 Milites
1225 2797 1322 2854 docet

144 2893 307 2952 rationem
328 2895 499 2970 pugnandi
521 2911 596 2954 curn
618 2897 720 2966 hoste,
744 2900 820 2972 post
841 2897 928 2954 diem
949 2897 1082 2954 tertium
1110 2895 1143 2971 (1.
1165 2895 1186 2952 l.
1210 2895 1256 2952 73.
1278 2893 1322 2969 5.)

144 2991 269 3050 frustra
294 2993 444 3052 hostibus
465 2995 650 3069 proeliandi
679 2993 760 3052 iacit
786 2999 983 3068 potestatem
1011 2994 1087 3070 (1.1.
1120 2996 1166 3056 71.
1190 2994 1237 3050 72.
1260 2992 1320 3069 73.)

146 3087 267 3148 Omnes
288 3091 348 3150 has
370 3109 423 3151 666
444 3094 559 3168 paucis
586 3100 697 3168 gestas
725 3109 797 3150 6666
820 3092 936 3150 6161666
966 3109 1009 3150 ex
1030 3093 1103 3166 ipsa
1130 3091 1322 3150 narratione

145 3189 304 3262 sequitur.
358 3190 486 3250 Deinde
522 3196 757 3249 commemorat
785 3196 902 3249 auctor
938 3190 977 3268 (6.
1002 3193 1053 3268 74)
1081 3189 1286 3266 Vagensium
1297 3188 1321 3264 ⁸)

143 3286 275 3361 legatos
310 3304 349 3346 eo
386 3295 532 3364 tempore
568 3306 588 3346 6
620 3288 760 3348 Caesare
795 3288 998 3363 praesidium
1026 3288 1170 3363 petiisse,
1205 3287 1323 3344 Iubam

146 3399 228 3442 vero
243 3387 364 3460 oppido
379 3388 519 3462 potitum
535 3405 606 3446 esse
622 3394 654 3446 et
669 3387 796 3446 incolas
812 3387 855 3444 ad
869 3403 972 3445 unum
983 3387 1198 3444 interfecisse.
1241 3383 1322 3443 Cum

144 3487 263 3540 auctor
284 3485 327 3541 ab
349 3501 387 3542 eo
410 3485 464 3543 die
486 3503 551 3559 quo
567 3485 688 3545 Caesar
706 3485 835 3543 hostem
856 3485 900 3542 ad
925 3484 1152 3541 dimicandum
1166 3482 1323 3541 invitavit

145 3581 188 3654 (6,
213 3585 258 3643 73.
280 3582 311 3656 5)
348 3599 453 3656 66666
482 3584 525 3640 66
553 3584 642 3641 diem
671 3585 707 3641 21
744 3599 786 3640 66.
822 3581 974 3642 16666611
1010 3584 1051 3655 (c.
1075 3582 1122 3642 75.
1146 3584 1176 3644 lt
1207 3581 1322 3656 Vagae

142 3685 275 3737 tantum
291 3696 404 3738 casum
426 3682 557 3753 referat,
579 3682 667 3740 iutra
689 3683 747 3739 hos
769 3681 840 3739 dies
862 3697 928 3738 non
950 3681 996 3762 ita
1011 3680 1151 3737 multum
1166 3678 1322 3752 temporis

145 3777 338 3836 interfuisse
367 3780 492 3853 opinor.
535 3781 623 3856 Ergo
652 3779 773 3839 Caesar
800 3795 913 3838 mense
934 3778 1106 3848 Januari0,
1138 3793 1204 3836 non
1233 3777 1324 3852 prius

254 3984 275 4051 ¹)
294 3985 389 4053 Prope
408 3985 624 4040 Beni-Hassein
643 3999 762 4052 pagum.
800 3985 895 4039 Abest
918 3985 954 4038 ab
973 3984 1075 4038 Uzitta
1093 3985 1110 4039 9
1130 3999 1168 4038 m.
1187 3999 1215 4052 p.
1244 3981 1322 4048 (SSO

144 4074 184 4128 ab
204 4073 318 4134 Uzitta)
336 4075 458 4141 (Tissot.
478 4075 568 4130 Reoh.
587 4090 614 4143 p.
634 4075 688 4138 36).

256 4161 277 4229 ²)
297 4163 384 4218 hodie
404 4163 508 4232 KneiS,
536 4165 567 4219 17
587 4179 627 4218 16.
646 4178 674 4231 p.
698 4163 735 4216 ab
760 4164 862 4230 Aggar
888 4162 1002 4226 (WNW
1027 4164 1063 4216 ab
1085 4160 1197 4228 Aggar)
1223 4160 1270 4222 (ib.
1295 4173 1327 4228 p.

142 4251 183 4307 36
202 4254 277 4406 SqE)
296 4343 434 4398 Tissotus
452 4343 561 4398 conicit
580 4341 693 4410 Vagam
717 4341 804 4396 hodie
828 4355 896 4395 esse
915 4341 1048 4395 Henehir
1067 4339 1150 4394 Zaidt
1168 4337 1201 4390 21
1231 4352 1270 4392 m.
1296 4351 1324 4406 p.

142 4432 184 4487 ab
204 4432 306 4501 Aggar
325 4433 373 4497 (W
393 4434 504 4488 abhoc
525 4433 641 4502 oppido)
661 4432 762 4496 (Reoh.
782 4446 809 4500 p.
829 4429 883 4494 42).
