3250 4944
739 416 775 470 21

279 581 306 636 5.
348 574 456 634 Hodie
485 573 665 632 Kerkenna
694 574 754 632 ins.
797 575 847 632 cii·
875 573 994 644 Tissot,
1022 575 1230 653 Oeagraphie
1261 591 1349 635 com-

169 675 271 750 paree
291 673 316 744 I,
339 689 370 747 p.
393 673 453 731 1774
473 689 521 746 sq.
1332 671 1339 677 '

278 772 305 830 6.
347 770 473 829 Auctor
494 772 525 829 b.
547 771 584 828 A.
606 777 719 828 narrat
739 770 863 831 Jubam
885 772 1000 830 nuntio
1022 773 1124 831 allato
1146 775 1188 832 dc
1202 757 1310 832 Cirtae
1324 773 1351 849 ι)

167 869 418 946 expugnatione
440 885 484 927 ex
505 869 623 926 itinere
644 869 821 928 revertisse
848 871 889 929 30
915 875 1044 929 tantum
1075 872 1259 946 elephantia
1280 871 1346 930 Sei-

171 969 262 1044 pioni
282 966 408 1026 relictis
430 967 470 1045 (c.
493 969 541 1028 25.
563 967 605 1044 5),
637 966 823 1042 Scipionem
856 969 915 1026 hos
938 969 1130 1043 elephantos
1153 970 1346 1028 condocefe-

173 1068 258 1126 cisse
279 1065 320 1145 (c.
336 1066 388 1142 27)
409 1072 510 1140 atque
525 1065 722 1123 instruxisse
743 1073 820 1124 ante
842 1067 949 1124 aciem
963 1067 1127 1126 universis
1148 1069 1252 1143 copiis
1273 1083 1347 1142 pro-

169 1163 477 1243 sacristariam.
520 1163 585 1222 Sed
611 1163 721 1238 Scipio
749 1165 923 1242 universas
951 1165 1065 1239 copias
1094 1171 1126 1223 et
1154 1166 1346 1240 elephantos

172 1264 330 1338 produxit
344 1268 523 1336 antequam
535 1261 657 1322 Caesar
678 1262 731 1319 die
755 1267 771 1323 7
793 1278 834 1320 m.
850 1263 932 1320 Nov.
955 1263 1135 1337 Ruspinam
1157 1264 1291 1337 reliquit
1313 1263 1346 1340 (l.
1421 1299 1423 1306 ,
1537 1297 1540 1304 .
1615 1243 1616 1250 ἵ

171 1363 192 1420 l.
208 1367 255 1424 37.
272 1365 299 1433 1,
314 1361 356 1438 2).
397 1362 485 1436 Ergo
500 1360 591 1420 Juba
606 1367 683 1418 ante
705 1361 792 1418 hunc
814 1360 902 1418 diem
923 1361 958 1418 in
972 1377 1111 1436 regnum
1126 1362 1233 1419 rediit.
1268 1362 1346 1421 Jam

170 1474 252 1518 vero
274 1459 462 1517 accuratius
495 1458 677 1516 eruendum
698 1464 748 1516 cst
778 1474 844 1531 quo
865 1465 1012 1532 tempore
1033 1459 1122 1519 Juba
1151 1459 1286 1518 redierit
1313 1466 1347 1518 et

170 1557 305 1632 quando
327 1574 346 1614 e
368 1573 472 1633 regno
494 1556 678 1614 advenerit.
719 1556 768 1614 Aa
788 1557 930 1631 primum
952 1574 1037 1632 quae
1059 1574 1079 1615 a
1100 1558 1209 1618 Jubae
1237 1559 1347 1620 reditu

169 1673 276 1730 usque
307 1657 352 1714 ad
373 1655 461 1713 diem
483 1657 500 1713 7
522 1670 563 1714 m.
585 1654 668 1717 Nov,
690 1655 733 1712 ab
755 1653 908 1728 Scipione
930 1662 964 1713 et
985 1655 1125 1714 Caesare
1145 1664 1241 1733 gesta
1270 1664 1347 1716 sunt

166 1755 215 1830 (b.
226 1754 265 1812 A.
281 1754 422 1830 27-37),
437 1753 542 1828 pluris
557 1753 659 1811 fuisse
674 1752 830 1827 temporis
852 1769 951 1826 quam
966 1770 1052 1827 quae
1074 1762 1222 1813 extremo
1235 1771 1346 1814 mense

167 1851 308 1910 Octobri
329 1859 361 1909 et
381 1852 515 1910 ineunte
536 1851 716 1910 Novembri
738 1851 781 1908 ad
813 1851 901 1908 diem
923 1855 939 1912 7
962 1867 1067 1926 usque
1099 1853 1171 1911 fieri
1203 1861 1346 1927 possent,

172 1950 286 2022 itaqua
296 1948 319 2010 J
320 1949 419 2007 ubam
433 1956 510 2007 ante
526 1955 709 2007 extremum
723 1947 900 2008 Octobrem
911 1951 945 2006 in
960 1966 1098 2026 regnum
1113 1951 1250 2009 rediisse
1266 1952 1348 2011 haec

169 2047 303 2104 docent.
345 2045 454 2121 Scipio
486 2047 678 2121 elephantos
699 2047 812 2104 domat
841 2049 927 2124 qaod
948 2065 1041 2124 capre
1070 2051 1224 2125 77777777
1252 2051 1347 2123 tiebat

172 2145 217 2220 (b.
239 2146 278 2203 A.
300 2146 347 2202 27.
369 2144 409 2221 2).
442 2145 579 2203 Parmae
601 2146 747 2221 equitum
768 2146 884 2203 cotidie
896 2147 1033 2204 7777777
1049 2147 1187 2223 praeliis
1208 2149 1293 2206 77777
1314 2167 1346 2206 se

167 2245 360 2320 depapaare
373 2260 446 2324 777
459 2244 681 2302 intermittant
703 2242 768 2320 (1.1.
781 2244 829 2301 29.
842 2243 882 2321 1).
905 2242 1015 2318 Scipio
1029 2244 1097 2315 fere
1109 2247 1225 2304 cotidie
1241 2246 1346 2304 aciem

170 2341 305 2400 instruit
325 2343 410 2418 qaod
425 2359 502 2400 777
516 2343 647 2419 saepias
668 2343 757 2416 fieret
778 2359 885 2414 neque
908 2358 951 2400 ex
965 2341 1114 2402 Caesaris
1130 2345 1246 2402 castris
1262 2345 1347 2418 quis-

168 2456 273 2514 quam
293 2439 478 2514 prodiisset,
500 2440 665 2498 universis
687 2440 791 2514 copiis
812 2440 983 2514 productis
999 2440 1191 2514 elephantos
1214 2458 1346 2515 quoque

173 2538 309 2596 turritos
330 2544 406 2597 ante
422 2538 529 2596 aciem
551 2538 683 2596 instruit
705 2537 737 2615 (l.
753 2538 773 2596 l.
789 2539 851 2612 30).
894 2536 1003 2612 Scipio
1018 2538 1156 2596 miratur
1171 2538 1347 2598 Caesarem
1401 2577 1403 2582 -

169 2635 231 2708 qui
251 2635 374 2694 bellum
395 2636 517 2694 inferre
538 2636 625 2695 ultro
641 2636 876 2708 consuetissct
899 2636 1008 2694 subito
1023 2642 1260 2695 7777777777
1281 2656 1347 2698 csse

171 2779 182 2791 .
198 2776 205 2790 .
222 2779 228 2792 .
244 2751 283 2792 777
298 2735 539 2811 eiaspatientia
554 2735 589 2792 in
600 2751 758 2810 maguum
772 2734 924 2793 timorem
939 2735 1102 2793 conicitur
1117 2734 1150 2811 (l.
1163 2736 1182 2798 l.
1199 2738 1237 2797 35
1264 2740 1290 2808 1,
1305 2738 1346 2815 2).

278 2832 404 2890 Deinde
425 2833 554 2891 Jubae
582 2847 686 2908 regno
714 2833 748 2889 in
776 2833 983 2906 provinciam
1011 2834 1182 2891 contendit
1210 2837 1348 2910 capnitis

172 2929 325 2990 Caesaris
340 2930 585 3005 difficultatibus
600 2931 833 3007 copiarumque
842 2932 1013 3007 paucitate
1029 2932 1182 3006 (b.A.25.
1196 2931 1236 3010 1).
1258 2933 1349 3010 Ergo

171 3045 239 3086 non
264 3028 370 3106 venit
385 3034 565 3102 antequam
586 3027 707 3087 Cacsar
727 3029 761 3086 in
782 3029 896 3086 Africa
917 3029 980 3086 fuit
1002 3029 1060 3086 sed
1082 3035 1257 3104 postquam
1279 3047 1349 3090 cer-

172 3127 235 3184 tior
255 3127 365 3184 factus
388 3132 437 3184 est
458 3111 632 3186 Caesarem
654 3127 830 3185 advenisse
852 3134 885 3185 et
906 3127 941 3186 in
962 3129 1125 3204 augustiis
1152 3145 1233 3201 esse,
1269 3131 1290 3188 i.
1319 3149 1346 3188 e.

172 3225 272 3299 paulo
294 3232 369 3299 post
382 3226 527 3283 medium
549 3241 590 3284 m.
603 3222 789 3284 Octobrem.
830 3223 986 3299 Sequitur
1001 3236 1133 3302 quoque
1148 3229 1245 3287 exiis
1261 3245 1347 3302 quae

168 3324 318 3381 eruimus
339 3323 462 3383 Jubam
490 3339 557 3382 non
585 3340 657 3381 esse
684 3325 869 3399 profectum
896 3340 939 3382 ex
959 3323 1048 3384 Cirta
1070 3325 1164 3400 regni
1186 3327 1236 3384 sui
1258 3327 1346 3392 sede.

173 3419 258 3478 Nam
278 3437 322 3479 ex
342 3420 492 3481 Caesaris
514 3423 583 3479 i’cre
605 3422 752 3480 adventu
773 3438 878 3495 usque
906 3422 949 3480 ad
971 3429 1148 3481 exeuntem
1170 3421 1348 3483 Octobrem

170 3517 245 3576 fleri
265 3535 331 3578 non
353 3520 460 3594 potuit
493 3527 530 3579 ut
550 3520 641 3579 Juba
667 3520 708 3578 de
736 3520 908 3578 dictatoris
929 3521 1118 3594 praesentia
1150 3521 1348 3582 difficultati-

170 3617 301 3691 busque
326 3619 449 3676 certior
476 3619 585 3677 factus
613 3635 689 3677 cum
711 3619 815 3693 copiis
842 3618 886 3676 ad
914 3619 1084 3695 regionem
1105 3619 1349 3694 Ruspinensem

171 3731 277 3789 usque
309 3717 485 3774 accederet
517 3716 559 3794 (b.
582 3717 621 3775 A.
644 3719 691 3778 25.
713 3717 755 3794 4).
804 3716 868 3777 Sed
896 3717 978 3775 nihil
1006 3717 1144 3792 impedit
1172 3719 1347 3792 quominus

171 3820 325 3886 putemus
347 3830 461 3891 regem
484 3815 585 3874 Zama
606 3815 782 3873 advenisse
803 3816 860 3874 abi
880 3817 949 3893 ipse
970 3816 1175 3875 domicilium
1196 3819 1348 3894 77777977

171 3911 349 3990 liberasque
370 3914 514 3989 babebat,
543 3931 605 3990 qao
627 3931 666 3972 77
687 3919 802 3972 cameto
824 3932 921 3991 rapae
942 3933 1068 3973 77777
1088 3917 1268 3992 pecaniam
1296 3934 1349 3974 ca-

166 4010 384 4087 ·iissimasqae
413 4031 464 4070 res
493 4017 752 4089 comportaverat
780 4030 942 4089 quamque
974 4013 1056 4072 inito
1089 4015 1167 4072 77777
1199 4015 1348 4090 operibus

172 4109 328 4168 77777777
343 4112 509 4170 munierat
531 4112 574 4183 (b.
591 4111 626 4169 A.
649 4114 698 4182 91,
720 4111 761 4188 2).
786 4111 886 4170 Zama
907 4111 1005 4170 hodic
1020 4119 1070 4170 cst
1089 4113 1240 4186 Djiamaa
1255 4111 1350 4188 (Her-

171 4222 242 4265 mes
263 4207 328 4266 XX
349 4225 380 4284 p.
405 4210 463 4267 144
484 4221 545 4282 sqt.

282 4343 303 4407 1)
323 4343 403 4398 Cirta
421 4343 509 4398 hodic
523 4343 725 4399 Constantine.
762 4344 842 4398 Cirta
860 4344 1029 4399 Thevesten
1048 4341 1215 4398 Sufetuiam
1232 4343 1352 4399 Hadru·

169 4433 289 4486 metum
309 4434 507 4487 numerantur
524 4433 578 4488 316
599 4448 638 4488 m.
657 4446 684 4502 p.
704 4434 815 4500 (itiner.
835 4435 944 4489 Antan.
963 4448 990 4502 p.
1012 4433 1045 4488 11
1065 4434 1096 4488 et
1115 4431 1169 4498 24).

1134 4539 1151 4593 2
