3250 4944
566 889 1115 994 Auauuuurlrlu.

365 1121 390 1176 1.
433 1119 531 1177 Nullo
553 1119 618 1177 alio
640 1119 714 1177 loco
736 1119 930 1193 Aponianae
951 1121 1080 1178 insulae
1101 1121 1138 1178 fit
1159 1120 1291 1179 mentic.
1334 1119 1431 1180 Vide·

249 1224 310 1276 ·tur
331 1217 445 1275 eadem
476 1233 547 1276 esse
575 1225 676 1292 atque
703 1218 837 1293 Aegusa
865 1218 974 1276 Insula
1002 1217 1233 1295 (FavIgnana),
1270 1234 1356 1292 quac
1388 1236 1430 1278 ex

255 1314 438 1391 Aegatibus
460 1313 592 1374 Siciliae
614 1315 767 1390 proxima
789 1322 854 1388 est;
886 1315 1007 1374 Caesar
1028 1316 1116 1374 enim
1146 1322 1323 1391 postquam
1344 1315 1430 1392 Lily·

255 1413 340 1470 baeo
361 1413 415 1470 die
437 1417 456 1470 8
477 1429 518 1470 m.
540 1409 610 1471 Oct.
633 1429 736 1472 naves
759 1413 867 1484 solvit,
891 1413 1030 1472 classem
1051 1415 1094 1472 ad
1116 1415 1323 1488 Aponianam
1345 1417 1428 1474 insu-

253 1511 322 1568 lam
344 1512 456 1570 statim
475 1511 691 1585 consequitur
713 1512 757 1584 (b.
779 1512 816 1570 A.
839 1513 867 1569 2.
889 1513 930 1589 4).

363 1613 390 1670 2.
433 1607 554 1668 Caesar
585 1609 702 1666 eodem
733 1609 786 1668 die
818 1609 862 1667 ad
893 1609 1131 1668 Hadrumetum
1163 1627 1267 1668 naves
1302 1608 1424 1684 appulit

250 1723 321 1781 -quo
343 1709 376 1766 in
398 1707 531 1765 Africae
557 1714 771 1782 conspectum
799 1709 900 1766 venit.
949 1709 1145 1767 Hadrumeti
1173 1709 1261 1768 enim
1289 1708 1425 1767 militum

254 1805 448 1864 escensione
469 1806 559 1864 facta
581 1804 624 1883 (b.
646 1806 683 1864 A.
706 1807 734 1864 3.
756 1810 788 1876 2)
810 1813 987 1880 postquam
1017 1825 1120 1866 anum
1140 1813 1266 1866 6661661
1295 1811 1324 1866 61
1344 1807 1427 1866 dtcm

250 1910 332 1962 ante
355 1905 513 1979 oppidum
524 1905 674 1962 consedit
696 1904 765 1981 (1.1.
781 1909 809 1963 5.
827 1904 866 1982 1),
889 1905 1041 1964 Calendis
1056 1906 1227 1966 Januariis
1250 1929 1282 1951 =
1307 1908 1344 1964 13
1360 1903 1429 1964 Oct.

255 2003 436 2078 Ruspiuam
445 2004 467 2081 1)
490 2005 660 2062 contendit
682 2005 715 2082 (1.
738 2005 758 2062 1.
781 2004 821 2080 6).

362 2103 389 2160 3.
432 2102 542 2176 Leptis
564 2103 662 2161 hodie
683 2103 798 2161 Lemta
819 2103 951 2180 (Tlesot,
972 2105 1071 2162 Rech.
1093 2121 1123 2178 p.
1147 2108 1181 2166 11
1206 2111 1238 2162 et
1261 2105 1307 2162 12.
1351 2103 1383 2166 O.
1398 2103 1429 2164 J.

255 2200 291 2258 L.
312 2199 397 2258 VIII.
421 2202 436 2256 1
460 2215 491 2273 p.
515 2202 574 2274 11).
617 2201 719 2259 Abest
747 2219 768 2259 a
788 2201 935 2276 Ruspina
964 2203 1044 2260 8m.
1073 2219 1103 2277 p.
1133 2203 1184 2260 cfr
1204 2201 1300 2261 Carta
1334 2201 1429 2259 dela

254 2297 400 2365 Tunisie,
423 2298 522 2371 depdt
544 2299 585 2357 de
607 2299 639 2356 la
660 2315 780 2375 guerre
804 2301 882 2359 1884
902 2304 991 2382 uticus·

362 2399 390 2455 4.
432 2395 619 2471 Scipionem
641 2399 983 2474 appropinquaturum
1006 2417 1078 2458 esse
1107 2401 1173 2458 die
1196 2399 1324 2459 tertio
1352 2405 1426 2474 post

255 2496 417 2572 proelium
439 2513 514 2554 cum
528 2497 675 2555 Labieno
697 2498 822 2556 factum
844 2498 977 2558 Caesari
998 2499 1170 2558 nuntiatur
1192 2499 1234 2556 rb.
1256 2497 1293 2556 A.
1316 2501 1363 2558 20.
1385 2495 1428 2574 2).

252 2595 327 2670 Quo
349 2612 424 2653 cum
446 2596 601 2653 convenit
623 2596 712 2669 quod
726 2595 857 2655 Cassius
868 2597 930 2655 Dio
952 2598 1077 2672 proelio
1099 2598 1143 2656 ad
1153 2596 1335 2671 RuspInam
1356 2611 1429 2654 nar·

255 2701 327 2753 rato
349 2693 519 2752 tradit...
550 2695 791 2782 προςδεχόμενος
815 2697 847 2759 δὲ
870 2701 996 2763 καὶτὸν
1019 2696 1172 2763 Σκιπίωνα
1202 2704 1252 2763 τόν
1276 2721 1308 2761 τε
1330 2693 1429 2777 Ἰόβαν

255 2799 378 2874 πάσαις,
413 2791 514 2878 ὥσπερ
538 2791 732 2880 ἠγγέλλοντο,
765 2805 830 2868 ταῖς
855 2795 1014 2881 δυνάμεσιν
1042 2791 1164 2869 εὐθὺς
1197 2794 1427 2884 ἀφίξεσθαι,

253 2895 390 2980 διηπόρει
414 2890 560 2968 (Cacsar)
582 2890 688 2948 XLIII
709 2892 737 2949 2.
760 2895 787 2952 3.
830 2889 895 2950 Sed
917 2891 1103 2967 Scipionem
1131 2907 1248 2966 reapse
1271 2890 1428 2948 advenire

255 2990 401 3065 potuisse
423 2989 480 3047 illo
502 2996 649 3062 tempore
672 2990 753 3046 haec
775 2989 905 3050 docent.
947 2990 1044 3050 Utica
1065 3006 1132 3048 non
1154 2989 1245 3064 prius
1261 2987 1426 3047 disceden-

255 3089 334 3146 dum
356 3093 427 3145 erat
448 3085 594 3158 Scipioni
616 3102 715 3159 quam
737 3103 836 3160 quem
858 3088 901 3144 ad
922 3088 1030 3146 locum
1052 3087 1173 3146 Caesar
1194 3103 1297 3145 naves
1320 3085 1427 3162 appel-

254 3188 348 3261 leret,
369 3184 598 3258 comperissem
621 3184 678 3256 qui
694 3185 829 3242 nuntius
851 3201 916 3242 non
933 3193 1009 3243 ante
1032 3187 1119 3243 diem
1142 3189 1179 3247 12
1201 3201 1242 3242 m.
1259 3182 1329 3243 Oct.
1361 3183 1429 3242 Uti·

254 3302 327 3345 cam
342 3283 517 3358 pervenire
537 3283 653 3356 potuit,
675 3299 750 3339 cum
762 3281 883 3341 Caesar
903 3284 957 3341 die
981 3286 1015 3341 11
1039 3284 1221 3342 secundum
1243 3299 1335 3340 oram
1345 3281 1430 3340 Afri-

253 3401 372 3445 canam
393 3381 633 3441 Hadrumetum
655 3381 877 3440 contenderet.
921 3381 1030 3457 Scipio
1060 3383 1161 3458 Igitur
1188 3382 1217 3439 si
1238 3381 1291 3439 (116
1315 3383 1330 3438 1
1352 3381 1429 3450 Jan.

253 3483 352 3544 UtIca
374 3480 534 3551 discessit,
556 3479 796 3538 Hadrumetum
818 3481 993 3554 pervenire
1023 3481 1076 3538 die
1104 3481 1141 3537 16
1170 3480 1283 3553 ibique
1311 3481 1329 3536 2
1357 3478 1429 3536 (1166

254 3586 476 3642 commoratus
498 3578 663 3636 adiunctis
692 3579 755 3636 sibi
776 3579 915 3637 Labieni
944 3586 975 3636 et
997 3579 1106 3636 Petrei
1131 3578 1235 3652 copiis
1257 3583 1359 3638 noctu
1379 3575 1430 3636 iti-

254 3698 332 3740 nere
353 3681 442 3738 facto
465 3678 508 3754 (b.
523 3679 560 3736 A.
580 3679 628 3737 24.
645 3678 674 3754 1)
697 3678 750 3736 (116
774 3680 810 3740 19
832 3695 928 3737 mane
951 3679 1134 3737 exercitum
1156 3677 1199 3736 ad
1221 3682 1331 3734 castra
1352 3675 1429 3736 an-

253 3780 337 3839 saris
352 3779 531 3836 admovere
553 3777 668 3851 potuit.
710 3777 807 3836 Utica
821 3777 947 3835 Tunem
969 3778 1092 3851 Putput
1106 3776 1347 3834 Hadrumetum
1368 3775 1430 3834 iter

247 3885 303 3938 est
325 3880 382 3939 110
404 3893 445 3935 m.
467 3893 498 3950 p.
521 3875 629 3953 (Oarte
651 3876 692 3933 de
714 3876 747 3932 la
768 3875 912 3951 Tunisie,
933 3877 1033 3950 depot
1055 3876 1096 3934 de
1117 3876 1151 3934 la
1172 3874 1313 3952 guerre).

362 4030 382 4097 ¹)
402 4029 497 4084 Hodie
516 4041 584 4082 6666
604 4029 747 4083 Monastir
766 4031 868 4083 urbem
888 4029 982 4082 firmis
1001 4029 1187 4096 argumentis
1213 4024 1432 4082 demonstravit

252 4122 390 4178 Tissotus
410 4121 500 4187 atque
519 4117 652 4186 Ruspina
672 4132 743 4173 voce
762 4119 906 4173 contineri
932 4118 1098 4173 Poenorum
1128 4127 1193 4188 mg
1219 4117 1300 4187 giga
1329 4119 1432 4183 (caput

252 4210 363 4273 anguli)
383 4207 555 4264 acutissime
569 4207 634 4262 coni
653 4207 701 4261 cit.
721 4207 839 4272 (Iissct,
853 4207 942 4262 Recb.
961 4222 989 4275 p.
1002 4208 1032 4260 11
1045 4221 1088 4274 sq.
1108 4207 1139 4261 61
1156 4209 1255 4274 geogr.
1271 4204 1429 4272 compares

253 4300 289 4354 de
307 4299 336 4353 la
354 4298 493 4366 province
512 4296 654 4352 Romame
674 4296 825 4363 d’Afrique
844 4311 871 4364 p.
893 4297 951 4351 179.
989 4297 1032 4350 cfr
1050 4295 1079 4350 0.
1099 4297 1121 4350 I.
1141 4295 1174 4350 L.
1200 4295 1273 4352 VIII
1295 4293 1307 4346 l
1327 4309 1355 4362 p.
1375 4289 1431 4359 14).

251 4387 386 4454 Ruspina
405 4387 441 4440 ab
460 4385 645 4440 Hadrumeto
664 4387 750 4440 abest
770 4385 803 4438 12
825 4399 861 4440 m.
881 4400 908 4453 p.
928 4385 1024 4448 (Daux
1044 4388 1074 4440 61
1095 4385 1203 4449 Tissot,
1223 4384 1293 4439 Tab.
1314 4383 1349 4446 1).
