3250 4944
754 377 792 434 37

286 527 334 598 58.
359 565 361 570 v
377 515 498 594 Caesar
512 551 588 594 cum
602 534 776 594 Cordubae
791 536 1079 610 appropinquaret,
1094 535 1150 600 Cn.
1162 527 1353 610 Pompeium

178 637 223 694 ab
239 635 485 710 oppugnatione
499 633 595 693 Uliae
605 635 627 712 ¹)
642 633 876 693 destitutorum
897 649 969 692 esse
984 634 1140 708 sperabat
1154 640 1221 701 καὶ
1238 635 1354 725 ἔσχεν

176 729 281 798 οὕτω
307 785 313 800 .
340 783 346 796 .
371 781 379 797 .
404 781 411 796 .
435 733 468 808 ἔς
490 756 522 797 τε
545 737 598 821 τὴν
621 731 804 819 Κορδοὺβαν
828 732 926 820 ἦλθεν
942 731 1009 809 (Cn.
1021 732 1208 810 Pompeius)
1223 732 1288 790 Dio'
1299 733 1320 790 l·
1332 730 1354 790 lt

228 878 233 882 ·
288 862 336 920 59.
378 855 499 920 Caesar
512 857 615 917 ¹Uliae
636 856 711 915 urbi
742 857 944 946 praesidium
979 856 1067 915 misit
1102 846 1354 932 aliquanto

179 962 344 1031 postqu
355 972 375 1012 a
385 971 418 1013 m
439 954 495 1015 Cn.
515 955 690 1029 Pompeius
701 954 891 1014 ‘Cordubam
906 955 1002 1030 cepit.
1044 953 1175 1015 Cassius
1189 954 1251 1014 Dio
1267 956 1354 1042 enim

181 1055 202 1114 l.
226 1055 247 1112 l.
282 1054 384 1112 refert
418 1053 475 1115 Cn.
510 1054 702 1128 Pompeium
736 1052 924 1113 Cordubam
957 1053 1099 1128 primum
1134 1054 1354 1142 contendisse,

182 1155 323 1220 ἔπειτα
355 1155 387 1217 δὲ
420 1151 471 1228 ὡς
505 1150 592 1218 οὔτε
625 1178 657 1218 τι
692 1158 767 1238 πρὸς
790 1163 828 1238 τῇ
853 1148 955 1236 Ot'tldq
989 1151 1216 1238 ἐπέραινεν
1239 1203 1246 1217 .
1272 1201 1279 1216 .
1304 1153 1353 1236 6

180 1252 306 1338 Καῖσαρ
328 1255 504 1339 πλησιάσας
528 1257 637 1340 σφίσιν,
661 1249 786 1340 ἐκείνοις
807 1275 838 1323 te
851 1253 1000 1338 βοήθειαν
1023 1257 1130 1327 νυκτὸς
1154 1255 1263 1318 λαθὼν
1286 1250 1355 1338 ἐοὲ-Ι

179 1353 307 1436 πεμψεν.
361 1349 363 1354 ’
396 1342 400 1355 '¹
560 1352 562 1356 ’
1350 1428 1355 1439 ἱ

290 1448 335 1509 60.
359 1447 508 1506 ¹Paulo
543 1454 764 1522 postquam
799 1446 895 1506 Uliae
923 1447 1124 1520 praesidium
1156 1447 1245 1504 misit
1281 1445 1356 1525 (Dio

181 1528 523 1608 retineatur.
547 1547 587 1619 1).
811 1539 813 1542 ·
1268 1603 1270 1608 ,
1348 1533 1351 1612 Q

288 1646 336 1704 61.
375 1641 528 1702 'Statim
563 1648 784 1716 postquam
825 1640 946 1702 Caesar
980 1641 1167 1702 Cordubam
1202 1625 1355 1700 obsidere

179 1740 300 1816 coepit.
343 1739 424 1800 Cum
446 1735 533 1797 enim
556 1740 682 1814 equites
696 1738 886 1799 Caesariani
897 1738 1069 1799 Cordubae
1091 1727 1356 1815 appropinquan-

182 1846 232 1896 tes
254 1837 429 1913 oppidanis
450 1837 583 1895 cladem
602 1837 798 1910 attulissent,
833 1835 923 1896 Sext.
944 1837 1119 1912 Pompeius
1145 1838 1282 1896 fratrem
1307 1828 1356 1896 arl

180 1934 323 2014 cessivit,
343 1935 400 2009 qui
435 1936 551 1994 litteris
572 1933 692 2010 fratris
713 1937 838 1994 escilus
861 1934 1044 1994 Cordubam
1066 1936 1228 1994 coatcadt‘t
1250 1937 1293 2008 (b.
1315 1935 1356 1993 Η.

179 2035 210 2090 4.
234 2040 260 2096 a.
283 2033 343 2092 uio
365 2033 385 2091 l.
408 2034 452 2107 u).
1281 2019 1283 2024 ’

207 2142 210 2147 ’
290 2133 337 2190 62.
381 2131 621 2219 Προπυθόμενος
644 2137 701 2218 γὰρ
734 2141 822 2198 τοῦτο
857 2129 926 2208 (Cn.
956 2131 1148 2205 Pompeium
1184 2130 1357 2205 appropin-

179 2245 285 2317 quare
318 2230 335 2296 ὁ
358 2229 482 2316 Καῖσαρ
505 2230 688 2317 ἀπεχώρησε
712 2227 786 2303 (Dio
808 2229 828 2286 l.
851 2229 895 2303 1.).
931 2228 1022 2303 Quae
1038 2229 1169 2304 singula
1184 2228 1355 2288 aCaesare

181 2335 256 2386 eta
271 2327 428 2402 Pompeio
450 2327 493 2385 ad
507 2325 696 2386 Cordubam
716 2333 748 2385 et
759 2325 869 2388 Uliam
889 2333 985 2404 gesta
1006 2333 1091 2399 sunt,
1114 2327 1266 2400 quamvis
1288 2327 1356 2402 qui-

183 2427 245 2485 bus
268 2426 384 2484 diebus
404 2425 616 2502 contigerint,
652 2431 796 2484 statuere
817 2441 884 2482 non
906 2424 1077 2500 possimus,
1108 2430 1219 2482 tamen
1248 2441 1291 2482 ex
1316 2413 1357 2484 iis

181 2539 269 2598 quae
291 2523 505 2598 probavimus
527 2523 591 2600 (cfr
611 2523 687 2582 adn.
709 2522 851 2600 57—62),
874 2523 1016 2581 efficitur
1043 2523 1125 2581 haec
1147 2523 1257 2582 omnia
1284 2540 1359 2598 pro-

182 2622 323 2680 cedente
344 2636 457 2679 mense
477 2621 658 2679 Novembri
678 2626 773 2698 gesta
795 2637 866 2680 esse
888 2626 987 2695 atque
1009 2620 1182 2681 Caesarem
1203 2620 1359 2681 Corduba

181 2719 374 2778 discessisse
396 2724 545 2801 exeunte
559 2719 628 2777 fere
650 2705 765 2778 eodem
787 2735 909 2777 mense.

291 2819 337 2878 63.
355 2825 358 2830 ’
380 2815 596 2876 Caesarianos
607 2833 719 2875 mense
726 2817 901 2875 Decembri
914 2823 946 2874 et
953 2816 975 2876 J
977 2817 1115 2874 anuario
1124 2816 1235 2890 inopia
1247 2808 1357 2878 retum

183 2917 353 2975 laborasse
363 2914 510 2973 'efficitur
521 2932 564 2972 ex
583 2915 623 2973 iis
639 2931 724 2988 quae
739 2915 980 2989 disputabimus
995 2915 1082 2972 infra
1098 2918 1157 2990 (65,
1175 2916 1236 2986 64).
1258 2913 1357 2974 Omit-

182 3015 223 3072 tit
249 3021 366 3072 auctor
386 3014 417 3074 b.
439 3012 479 3074 H.
506 3029 592 3087 quae
618 3013 668 3071 his
690 3013 858 3071 mensibus
886 3013 1106 3088 contigerunt,
1139 3028 1201 3070 neo
1228 3014 1356 3072 mirum.

184 3112 235 3169 Ab
250 3110 343 3170 initio
350 3112 442 3170 enim
454 3112 535 3170 belli
549 3112 592 3170 ad
603 3112 753 3190 Ateguae
765 3110 1046 3188 oppugnationem
1057 3127 1161 3184 usque
1176 3127 1243 3170 non
1255 3112 1356 3176 affuit.

183 3207 360 3266 Praeterea
374 3207 592 3268 Caesarianae
613 3209 717 3284 partis
732 3209 991 3268 studiosissimus
1012 3217 1070 3281 est,
1092 3225 1145 3267 res
1160 3209 1248 3268 solas
1263 3210 1358 3270 affert

182 3317 271 3382 quae
286 3289 518 3380 imperatorem
533 3307 631 3365 laude
647 3305 833 3382 afficiant.¹)
855 3307 973 3382 Itaque
987 3307 1173 3366 dissimulat
1183 3295 1360 3366 Caesarem¹

184 3405 309 3462 frustra
319 3402 472 3462 Corduba
487 3403 585 3478 potiri
601 3411 755 3462 conatum
777 3421 859 3480 esse,
881 3405 1062 3463 decessisse
1073 3404 1229 3479 Pompeio
1243 3397 1357 3481 appro-

184 3502 368 3578 pinquanti,
390 3503 505 3560 morbo
527 3501 684 3560 afflictum
705 3518 786 3575 esse,
815 3503 927 3578 copias
948 3503 1072 3578 frigore
1093 3510 1126 3560 et
1146 3504 1195 3562 rei
1215 3504 1370 3576 frumen-,¹

184 3599 289 3660 tariae
311 3599 473 3677 angustiis
502 3615 573 3682 esse
604 3615 745 3675 pressas.
787 3600 875 3659 Nihil
907 3601 976 3659 fere
1007 3617 1112 3675 usque
1144 3601 1187 3660 ad
1208 3602 1358 3679 Ateguae

184 3697 468 3782 oppugnationem
490 3698 599 3772 refert,
621 3699 779 3773 quoniam
800 3705 868 3757 toto
889 3699 952 3758 hoc
973 3703 1119 3774 tempore
1135 3697 1256 3760 Caesar
1276 3701 1358 3760 nihil

183 3797 289 3873 gessit
308 3792 487 3856 memoriae
508 3798 654 3873 dignum

292 3895 340 3954 64.
382 3894 504 3954 Caesar
538 3895 706 3954 nonnullis
741 3895 859 3954 diebus
891 3901 1069 3970 antequam
1090 3895 1264 3972 Pompeius
1285 3899 1358 3958 Ate-

182 3977 285 4068 guam
300 3991 470 4050 contendit
490 3989 581 4068 (vide
603 3992 678 4051 adn.
700 3993 751 4068 65)
774 3994 890 4052 eodem
905 3994 1072 4067 profectus
1088 4002 1146 4054 est.
1175 3993 1256 4054 Cum
1270 3996 1358 4054 enim

294 4199 314 4265 ¹>
333 4199 419 4254 hone
438 4199 633 4267 montemajor
651 4199 681 4254 c.
700 4199 723 4254 1.
742 4199 773 4254 n.
792 4199 822 4255 Π
841 4215 868 4267 p.
888 4200 950 4255 206.
972 4179 975 4184 ’

292 4287 314 4355 ²)
333 4288 376 4344 cfr
394 4288 420 4346 J.
439 4289 619 4356 Degenhart,
638 4289 674 4344 de
692 4288 822 4344 auctoris
839 4287 908 4342 belli
918 4288 1125 4358 Hispaniensis
1143 4290 1308 4346 elocutione
1328 4294 1359 4348 et

181 4376 242 4432 fide
261 4378 409 4433 historica.
446 4377 571 4432 Wirceb.
592 4379 626 4433 77
645 4393 672 4446 p.
691 4378 727 4434 44
746 4392 790 4445 sq.

1146 4451 1163 4504 3
