3250 4944
796 455 833 511 41

220 615 264 674 sit
285 631 326 672 aa
347 629 445 687 quem
472 621 595 671 vocant
623 614 720 672 hodie
747 614 846 673 villar
872 615 913 672 (16
935 616 995 673 (166
1017 615 1201 674 Hermanas
1244 615 1319 692 (SW
1352 617 1396 672 ab

220 711 363 788 Espejo).

329 811 375 867 72.
418 808 510 883 Quae
539 809 721 867 afferuntur
750 825 776 869 c.
805 811 842 866 25
870 816 902 868 et
929 813 977 885 26,
1009 817 1104 886 gesta
1132 817 1208 868 sunt
1236 811 1395 886 postridie

219 909 285 980 (cfr
306 913 353 970 25.
378 905 419 985 1).

329 1009 375 1067 73.
397 1004 437 1062 In
458 1021 485 1062 c.
509 1009 555 1067 27.
578 1007 596 1063 3
619 1006 649 1064 b.
672 1005 711 1066 H.
741 1006 877 1082 legitur:
922 1009 971 1064 Eo
1004 1009 1055 1066 dic
1084 1007 1257 1084 Pompeius
1284 1012 1396 1066 castra

221 1105 320 1164 movit
341 1108 370 1162 et
392 1108 506 1162 coatra
521 1104 689 1181 Hispalim
710 1105 746 1162 ia
768 1105 882 1163 oliveta
904 1105 1082 1164 coustituit.
1126 1105 1221 1179 Quod
1236 1105 1396 1164 Druman-

221 1219 282 1261 nus
302 1201 339 1260 R.
352 1199 389 1260 G.
410 1199 458 1258 III
479 1217 509 1275 p.
532 1201 590 1260 635
613 1201 660 1260 sic
682 1202 799 1260 vertit:
843 1200 966 1260 Cacsar·
986 1219 1040 1279 209
1063 1204 1141 1261 tter
1156 1205 1307 1280 Hispalis
1330 1202 1396 1280 (Sc-

220 1300 314 1376 61116)
337 1301 421 1358 nach
443 1299 579 1357 Maada.
622 1298 685 1358 Sed
700 1299 743 1358 H
751 1299 918 1374 ispalim
944 1301 1167 1375 corruptelam
1197 1317 1269 1360 csse
1291 1318 1334 1358 ex
1356 1317 1396 1360 eo

222 1398 370 1473 sequitur
390 1397 478 1470 quod
504 1396 679 1470 Pompeius
701 1397 823 1455 dicitur
844 1414 890 1456 eo
911 1398 978 1456 die
1001 1404 1038 1455 ct
1059 1405 1169 1456 castra
1190 1399 1334 1458 movisse
1356 1406 1397 1457 et

222 1502 336 1574 contra
363 1494 527 1569 Hisp‘alim
554 1494 588 1552 in
618 1483 993 1553 oliveto'constituisse.
1050 1495 1196 1572 Hispalis
1225 1497 1313 1555 enim
1338 1497 1395 1556 via

221 1601 312 1653 recta
334 1594 429 1652 abest
452 1593 510 1651 100
530 1609 571 1657 m,
603 1610 634 1668 p¹
656 1593 784 1652 Deinde
811 1593 961 1670 intellegi
989 1595 1105 1668 nequit
1135 1611 1194 1652 cur
1220 1595 1395 1670 Pompeius

219 1698 336 1750 tanto
359 1692 542 1750 circuitu
578 1691 691 1766 copias
719 1690 897 1750 Carrucam
926 1692 969 1770 (b,
991 1692 1031 1756 H.
1054 1696 1102 1754 27.
1125 1699 1153 1754 5.
1188 1692 1272 1750 Vide
1295 1693 1394 1770 infra)

219 1789 354 1848 duxerit
396 1805 472 1848 cum
507 1805 550 1846 ex
585 1789 710 1863 proelio
732 1789 891 1848 Soricauo
925 1791 959 1848 in
996 1791 1105 1848 animo
1141 1792 1277 1849 haberet
1303 1808 1394 1850 exer-

221 1887 322 1946 citum
340 1887 383 1946 ad
404 1903 495 1972 mare
516 1867 633 1975 versus
656 1889 787 1946 ducere.

326 1985 469 2044 Hurtadi
501 1985 694 2044 Fernandcz
730 1985 858 2045 Guerra
888 1986 992 2044 secuti
1022 1987 1199 2062 opinantur
1230 1987 1394 2063 Hispalim

221 2091 329 2143 aetate
344 2084 465 2166 'media
493 2101 559 2158 qua
585 2084 732 2158 Hispalis
764 2084 834 2143 sine
863 2085 883 2143 h
910 2085 1021 2144 littera
1050 2086 1173 2160 scripta
1207 2085 1259 2161 sit,
1295 2086 1396 2144 facile

220 2183 400 2259 permutari
421 2183 566 2256 potuisse
589 2198 664 2240 cum
686 2182 842 2259 Ipagro.¹t
885 2183 932 2241 De
954 2185 1009 2242 die
1031 2185 1109 2244 vide
1131 2185 1206 2242 adn.
1231 2186 1277 2248 74.

328 2309 373 2370 74,
419 2305 541 2366 Cacsar
557 2309 759 2384 priusquam
791 2310 900 2366 codem
933 2315 978 2367 cst
993 2310 1177 2386 profectas,
1206 2311 1287 2368 lana
1314 2313 1394 2369 liora

216 2406 348 2465 circiter
369 2410 460 2464 stata
487 2406 560 2463 visa
588 2411 634 2464 cst
682 2407 725 2472 lb.
747 2405 787 2462 H.
820 2407 868 2463 27.
891 2407 932 2478 3).
981 2406 1079 2465 Hunc
1107 2407 1217 2464 locum
1245 2406 1395 2482 Scaliger

220 2505 274 2579 ((16
296 2504 424 2562 emend.
447 2510 544 2578 temp.
561 2502 672 2562 Colon.
697 2504 774 2561 1629
796 2521 826 2578 p.
849 2503 920 2581 439)
944 2503 1147 2562 etPetavius
1170 2505 1224 2578 ((16
1241 2504 1394 2563 doctrina

218 2609 316 2678 temp.
339 2605 386 2664 10.
402 2607 453 2677 62)
475 2601 682 2676 interpretati
705 2608 788 2660 sunt.
833 2601 1040 2678 scaligerum
1061 2603 1118 2676 qui
1139 2602 1264 2660 bellum
1278 2602 1394 2677 Hispa-

219 2699 332 2758 niense
366 2700 453 2759 male
488 2715 575 2758 anno
605 2698 811 2758 confusionis
844 2700 960 2758 ultimo
990 2706 1121 2777 gestum
1150 2707 1250 2775 atque
1279 2701 1393 2759 lunam

218 2798 267 2856 Ill
287 2797 353 2858 Cal.
375 2799 468 2857 Mart.
491 2798 573 2857 hora
595 2798 639 2856 VI
661 2805 873 2872 conspectam
895 2815 967 2857 esse
989 2799 1084 2871 dixit,
1112 2800 1270 2858 Petavius
1292 2799 1392 2857 facile

217 2897 377 2955 refutavit
407 2899 584 2956 ostendens
610 2904 780 2955 auctorem
808 2897 916 2972 ipsum
944 2898 975 2958 b.
1002 2897 1041 2956 H.
1065 2899 1180 2956 testari
1208 2887 1291 2956 illud
1319 2903 1394 2972 post

218 2993 267 3052 III
287 2995 400 3053 Nonas
421 2995 515 3052 Mart.
545 2995 715 3052 accidisse.
763 2994 919 3053 Patavius
941 2995 1012 3069 ipse
1047 2996 1161 3053 lunam
1189 2996 1243 3054 die
1270 2998 1306 3057 21
1335 3003 1393 3054 aut

219 3097 256 3155 22
277 3109 320 3154 m.
335 3093 428 3151 Mart.
444 3092 525 3151 hora
540 3093 584 3151 VI
605 3093 810 3167 computavit
830 3093 937 3151 visam
959 3110 1039 3157 csse,
1083 3093 1147 3151 Sed
1169 3100 1205 3152 ut
1218 3094 1299 3153 luna
1313 3100 1393 3152 tunc

218 3191 325 3249 videri
342 3191 496 3266 potuerit,
518 3197 629 3249 tamen
651 3196 767 3249 auctor
788 3197 901 3249 noster
924 3193 1035 3249 hanc
1057 3191 1170 3249 lunam
1192 3192 1299 3250 visam
1320 3207 1392 3250 esse

218 3305 284 3348 non
305 3289 406 3347 refert
438 3290 571 3363 quando
593 3290 726 3364 quidem
747 3290 873 3348 milites
895 3290 1008 3348 lunam
1031 3297 1278 3365 conspexerunt
1301 3295 1393 3348 ante

218 3403 364 3464 pugnam
381 3387 585 3446 Mundensem
608 3404 694 3462 quae
716 3387 806 3446 facta
828 3394 879 3446 est
900 3388 954 3445 die
978 3392 1014 3449 17
1036 3405 1078 3445 m.
1094 3388 1212 3446 Martii.
1256 3387 1329 3463 Qua
1350 3387 1392 3445 de

220 3501 320 3545 causa
341 3483 455 3544 lunam
477 3503 497 3544 a
518 3486 678 3544 militibus
700 3503 766 3545 non
787 3486 894 3545 visam
916 3503 988 3545 esse
1010 3493 1107 3544 noete
1129 3487 1188 3543 sed
1209 3487 1276 3544 die
1309 3485 1393 3543 iudi-

218 3601 295 3643 care
327 3584 486 3642 debemus
515 3584 603 3658 quod
625 3591 742 3642 auctor
762 3584 793 3642 b.
815 3583 855 3643 H.
877 3600 1009 3658 quoque
1039 3584 1227 3660 significare
1249 3583 1391 3659 videtur,

216 3687 386 3756 tamquam
407 3682 577 3740 insolitum
592 3681 672 3756 quid
693 3682 776 3740 illud
799 3698 1068 3740 commemorans.
1104 3681 1192 3758 Ergo
1214 3697 1289 3738 cum
1304 3671 1391 3738 anno

216 3783 256 3840 45
278 3798 318 3839 ea
338 3788 436 3839 nocte
458 3797 544 3854 quae
566 3788 616 3839 est
636 3781 723 3838 inter
737 3781 847 3839 Pridie
862 3780 927 3840 Cal.
943 3775 1036 3839 Mart.
1061 3787 1093 3838 et
1108 3779 1271 3840 Calendas
1292 3779 1391 3854 ipsae.

216 3880 296 3939 luna
317 3880 424 3955 prima
445 3879 553 3951 fuerit,
586 3879 732 3954 quinque
763 3879 832 3939 fere
863 3881 980 3938 diebus
1009 3885 1083 3956 post
1111 3880 1256 3939 interdiu
1284 3878 1391 3936 videri

216 3979 324 4055 potuit
338 3977 371 4059 ²).

325 4187 346 4254 ¹)
365 4188 452 4242 hodie
472 4185 594 4254 Aguilar
613 4187 649 4240 de
667 4185 696 4240 la
714 4184 866 4240 Frontcra.
904 4185 934 4240 d.
953 4185 976 4238 1.
996 4185 1027 4239 L.
1047 4185 1077 4238 ll
1095 4199 1122 4251 p.
1143 4183 1203 4236 205.

327 4275 348 4340 ²)
367 4277 432 4332 Hoc
450 4290 568 4330 mecum
582 4275 973 4331 communicavitNissenus.
1011 4273 1138 4327 Hurtadi
1158 4272 1276 4336 (Munda
1285 4272 1389 4340 Pomp.

216 4380 244 4434 p.
264 4367 326 4434 110)
346 4368 469 4422 monent
488 4367 589 4420 lunam
609 4366 654 4420 die
673 4367 691 4420 8
709 4379 747 4419 m.
758 4365 843 4420 Mart.
862 4364 939 4418 eirca
957 4364 1060 4418 horam
1081 4363 1199 4416 sextam
1219 4375 1310 4430 supra
1329 4361 1391 4416 fini·

217 4459 318 4512 entem
337 4457 459 4512 stetisse
478 4455 602 4524 ideoque
622 4455 755 4524 pot-uisse
775 4453 873 4510 videri.
