3250 4944
762 343 799 400 31

187 504 249 572 ἐπ’
280 502 428 578 αὐτοῖς
451 511 501 570 τόν
534 528 565 568 τε
589 504 684 591 δῆμον
708 505 858 589 λαμπρῶς
882 501 1028 570 εἱστίασεν
1052 501 1171 576 (XLIII
1181 503 1228 564 21.
1240 503 1281 576 3).
1309 501 1372 560 Pli-

191 604 269 662 nius
291 601 342 678 (N.
357 601 397 660 H.
413 601 461 661 IX
482 601 534 674 81)
556 607 792 660 commemorat
814 599 847 660 C.
869 600 1013 660 Hirtium
1035 599 1126 660 cenis
1147 600 1369 674 triumpha·

192 701 307 758 libus
329 699 480 759 Caesaris
495 698 667 758 dictatoris
689 714 750 764 sex
771 697 863 760 milia
878 713 1014 756 numero
1029 713 1242 757 murenarum
1257 709 1371 756 mutuo

187 797 402 874 appendisse.
445 797 532 872 Ergo
548 796 682 870 epulum
703 795 803 874 paulo
826 803 900 870 post
915 795 1067 854 ultimum
1082 795 1283 868 triumphum
1305 795 1372 852 fac-

189 903 265 956 tum
286 911 358 954 esse
379 893 500 954 iudico.

300 993 348 1050 41.
391 990 541 1051 Caesaris
563 992 651 1054 dona
672 991 761 1065 apud
776 989 925 1050 Cassium
939 991 1078 1049 Dionem
1099 997 1278 1055 narrantur
1298 997 1372 1064 post

190 1090 337 1166 epulum.
378 1089 530 1164 Appiano
546 1096 681 1153 auctore
703 1089 746 1158 (ΙΙ
764 1090 832 1164 102)
855 1089 943 1147 dona
967 1087 1061 1164 εὐθὺς
1086 1089 1131 1155 ἐπὶ
1156 1102 1198 1175 τῷ
1225 1091 1371 1176 θριάμβῳ

190 1189 324 1248 dantur.
366 1187 459 1246 Idem
481 1188 583 1246 tradit
603 1187 687 1246 Plut.
711 1187 802 1247 Caes.
825 1189 871 1249 55.
895 1190 921 1245 2.

299 1290 347 1347 42.
390 1284 446 1345 Cn.
468 1285 643 1360 Pompeius
664 1286 761 1344 clade
790 1286 833 1344 ad
861 1287 1024 1344 Ascurum
1052 1290 1191 1359 accepta
1216 1285 1259 1341 ad
1280 1284 1372 1343 Bale-

190 1398 267 1442 ares
290 1383 426 1458 appulit.
469 1383 538 1441 Has
552 1382 678 1442 insulas
701 1399 745 1441 ex
760 1383 878 1441 itinere
900 1383 996 1457 cepit,
1018 1382 1162 1440 Hbesum
1184 1399 1305 1460 magno
1327 1383 1372 1440 la-

192 1482 282 1540 bore.
323 1481 439 1539 Morbo
468 1481 588 1539 deinde
615 1486 788 1555 correptus
814 1481 871 1538 diu
900 1496 975 1539 cum
1004 1479 1107 1555 copiis
1136 1480 1170 1538 in
1193 1480 1302 1538 insula
1323 1495 1373 1538 re-

192 1579 323 1638 mansit.
366 1578 490 1636 Nuntio
526 1584 637 1636 autem
672 1578 706 1636 in
736 1578 930 1652 Hispaniam
966 1578 1068 1636 allato
1104 1579 1371 1652 appropinquare

191 1676 325 1735 Didium
347 1693 424 1734 cum
443 1676 553 1744 classe
575 1677 722 1754 (ineunte
744 1677 814 1735 fere
835 1676 931 1747 Maio,
963 1676 1040 1733 vide
1062 1677 1197 1751 Ephem.
1219 1692 1250 1751 p.
1274 1677 1325 1750 13)
1347 1675 1372 1733 ii

191 1774 251 1848 qui
265 1775 522 1845 rebellaverunt,
544 1790 619 1832 cum
634 1775 781 1832 nondum
796 1774 977 1848 appulisset
991 1773 1175 1848 Pompeius,
1191 1774 1292 1832 duces
1308 1774 1371 1832 sibi

195 1873 425 1944 praefecerunt
440 1871 477 1946 Q.
486 1871 663 1946 Scapulam
685 1879 718 1929 et
732 1871 769 1947 Q.
777 1873 943 1947 Aponium
965 1880 1064 1946 atque
1075 1872 1244 1930 Baeticam
1265 1888 1370 1946 paene

194 1975 300 2027 totam
320 1970 461 2028 deiicere
477 1976 660 2046 coegerunt
681 1969 755 2048 (Dio
766 1969 874 2029 XLIII
895 1975 942 2030 29.
965 1975 993 2042 2,
1009 1975 1035 2032 3.
1059 1971 1102 2028 ad
1112 1970 1176 2028 Att.
1192 1969 1257 2028 ΧΠ
1278 1975 1305 2030 2.
1330 1973 1369 2045 1).

198 2065 451 2152 Πραξὰντων
475 2071 516 2133 δὲ
540 2079 671 2134 ταῦτα
695 2065 828 2134 αὐτῶν
853 2068 1015 2157 Πομπήιος
1032 2067 1141 2154 ῥαΐσας
1166 2067 1197 2143 ἐς
1214 2074 1268 2157 τὴν
1284 2071 1371 2157 ἤπει-

194 2189 248 2250 ρον
273 2171 326 2254 τὴν
349 2173 568 2252 καταντιπὲρας
585 2169 757 2234 διέπλευσεν
782 2166 857 2243 (Dio
886 2165 994 2224 XLIII
1024 2167 1071 2228 30·
1101 2169 1142 2241 1).
1198 2167 1285 2244 ErgO
1314 2166 1369 2226 Cn.

190 2263 385 2337 Pompeium
406 2271 549 2322 exeunte
572 2264 640 2322 fere
661 2264 748 2322 Maio
770 2265 946 2340 appulisse,
968 2265 1080 2323 Mense
1095 2265 1197 2335 Junio
1219 2281 1299 2324 vero
1319 2280 1371 2324 ur·

191 2361 289 2420 bibus
311 2361 377 2420 illis
399 2363 540 2436 potitum
562 2379 633 2420 esse
655 2379 696 2420 ac
717 2361 950 2438 Carthaginem
972 2363 1142 2421 obsedisse
1164 2363 1284 2422 iudico.

298 2461 346 2518 43.
390 2459 534 2535 Scapula
555 2477 607 2519 res
629 2461 663 2517 in
685 2460 845 2535 Hispania
867 2461 1020 2518 citeriore
1042 2468 1154 2536 gestas
1181 2477 1257 2519 cum
1284 2476 1370 2519 com-

195 2557 340 2631 perisset,
371 2575 421 2616 ex
441 2559 615 2616 Baetica
646 2558 690 2616 ad
709 2558 902 2633 Pompeium
923 2559 1145 2633 proficiscitur
1167 2559 1241 2634 (Dio
1263 2557 1370 2617 XLIII

194 2655 242 2716 30.
264 2657 305 2730 2).
347 2657 436 2732 Ergo
458 2657 716 2715 existilnandum
738 2663 787 2714 est
809 2655 986 2731 Scapulam
1008 2664 1150 2716 exeunte
1177 2658 1246 2715 fere
1268 2657 1369 2716 Junio

192 2753 237 2810 ad
258 2753 450 2828 Pompeium
472 2755 613 2812 venisse.

300 2853 348 2910 44.
392 2852 455 2927 Qui
484 2869 527 2910 ex
547 2852 659 2910 Africa
690 2853 732 2910 ad
761 2852 953 2926 Pompeium
980 2869 1015 2910 se
1043 2853 1264 2922 contulerunt,
1301 2860 1370 2910 tum

191 2949 327 3007 demum
354 2950 510 3009 videntur
538 2951 671 3024 petiisse
693 2950 888 3025 Hispaniam
918 2967 994 3009 cum
1025 2950 1160 3026 Pompei
1189 2951 1370 3008 adventum

193 3063 312 3121 resque
334 3065 447 3106 mense
468 3049 570 3107 Iunio
592 3064 749 3123 prospere
770 3055 882 3124 gestas
905 3056 1144 3124 compererunt.
1200 3049 1306 3124 Quam
1328 3049 1370 3106 ob

191 3159 263 3203 rem
283 3145 503 3222 Pompeianos
524 3163 636 3204 mense
659 3145 796 3220 Quintili
818 3146 860 3205 ad
874 3145 1070 3222 Hispaniam
1092 3149 1258 3224 appulisse
1280 3155 1369 3222 puto.

191 3242 320 3318 Quibus
341 3246 484 3319 receptis
495 3244 670 3319 Pompeius
691 3261 751 3320 per
765 3245 972 3320 provineIam
994 3247 1180 3305 citeriorem
1202 3246 1372 3305 contendit

192 3341 412 3417 civitatesque
435 3343 523 3417 cepit
544 3327 734 3416 ecquidem
755 3343 825 3400 sinc
841 3343 943 3401 dubio
956 3360 1069 3402 mense
1082 3343 1220 3418 Quintili
1242 3353 1274 3402 et
1288 3345 1372 3402 inse-

190 3440 308 3513 quenti
330 3440 456 3499 Sextili.

300 3543 347 3601 45.
390 3539 478 3599 Cass.
500 3540 562 3598 Dio
584 3539 691 3598 XLIII
713 3541 759 3600 22.
782 3540 819 3599 23
846 3555 984 3597 munera
1013 3539 1047 3597 in
1073 3540 1156 3610 foro,
1186 3539 1281 3597 ludos
1311 3540 1370 3615 cir-

191 3651 317 3708 censes,
353 3638 516 3712 proelium
544 3638 665 3695 navale
695 3644 938 3695 commemorat.
980 3637 1049 3694 Hos
1077 3637 1174 3694 ludos
1200 3642 1370 3695 auctorem

190 3740 442 3809 extemporum
468 3735 593 3807 ordine,
630 3752 695 3809 quo
725 3735 804 3793 editi
833 3742 919 3806 sunt,
942 3751 1136 3794 enumcrare
1158 3735 1306 3810 sequitur
1328 3751 1372 3793 ex

192 3833 324 3891 Verbis:
354 3841 424 3901 καὶ
447 3838 571 3908 τέλος
600 3842 777 3923 ναυμαχίαν
803 3886 859 3900 ...
884 3834 1024 3925 ἐποίησεν
1049 3837 1089 3910 (0.
1112 3835 1159 3896 23.
1181 3836 1224 3908 4).
1260 3832 1370 3892 Sueto-

192 3930 268 3988 nius
290 3934 331 4007 (c.
355 3932 405 4011 39)
427 3934 479 3991 bis
500 3933 604 3990 verba
626 3933 707 3990 facit
729 3934 770 3991 de
792 3933 879 3990 ludis
894 3932 1054 3994 Caesaris.
1096 3932 1241 3991 Primum
1263 3933 1370 4006 siugu-

191 4028 243 4086 los
258 4029 353 4089 ludos
376 4037 593 4089 enumerat
615 4035 758 4088 tantum:
782 4032 900 4089 Edidr't
915 4030 1062 4106 (Caesar)
1082 4031 1269 4108 spectacula
1283 4030 1371 4086 varii

190 4129 478 4203 psammeticus
498 4129 747 4206 placitator-iam,
769 4130 863 4188 ludos
887 4174 892 4186 .
916 4175 922 4186 .
947 4172 965 4204 .,
987 4131 1064 4188 iiam
1085 4130 1252 4203 circenses,
1274 4127 1371 4185 athle-

192 4229 256 4300 tae,
276 4229 521 4285 nocrmochiom.
563 4227 689 4285 DeInde
711 4227 753 4284 de
768 4226 907 4302 siugulis
922 4227 1010 4285 ludis
1032 4226 1101 4302 agit
1116 4226 1233 4284 eodem
1255 4225 1370 4283 ordine

189 4339 259 4395 quo
281 4340 382 4398 supra
403 4326 585 4399 eodemque
607 4340 672 4398 quo
695 4324 765 4396 Dio,
796 4324 860 4382 nIsi
886 4325 975 4397 quod
1001 4323 1203 4382 mentionem
1223 4324 1304 4383 facit
1325 4323 1371 4382 lu·
