3250 4944
868 389 906 445 22

408 554 434 612 7.
476 550 587 608 Nares
598 549 770 607 onerariae
792 565 835 606 ex
846 547 985 608 Cercina
1000 549 1108 607 insula
1122 549 1242 644 missae
1258 549 1374 606 eodem
1397 553 1478 604 tem·

300 663 380 723 pore
402 655 502 722 atque
524 648 608 706 alter
629 653 833 705 commeatus
855 645 1035 706 Siciliensis
1056 646 1236 720 Ruspinam
1258 646 1479 720 perveniunt;

298 745 422 805 Caesar
443 747 531 804 enirn
557 746 683 822 duplici
712 746 840 804 laetitio
868 762 933 803 uuo
964 751 1103 822 tempore
1136 751 1278 820 augetur
1308 744 1480 818 frumento

302 845 503 920 cuuiliisque
526 844 569 920 (b.
590 844 627 901 A.
650 844 698 915 34,
721 842 760 921 5).
803 842 875 900 Hoc
897 849 1083 901 commeatu
1104 849 1238 917 recepto
1259 841 1380 901 Caesar
1402 848 1480 900 sta-

301 942 378 1000 tim
403 957 507 1000 naves
528 940 725 1016 Lilybaeum
746 941 892 1011 remittit,
923 941 967 1000 Vl
988 940 1056 1001 Cal.
1078 941 1210 999 circiter
1232 941 1348 1017 vigilia
1369 940 1478 1015 prima

301 1042 444 1115 imperat
480 1041 705 1114 speculatores
737 1040 1010 1114 apparitoresque
1038 1055 1151 1098 omnes
1188 1046 1225 1098 ut
1253 1039 1316 1097 sibi
1344 1043 1480 1113 praesto

302 1144 422 1214 essent,
442 1138 559 1214 vigilia
580 1139 680 1196 tertia
696 1137 841 1196 Uzittam
863 1154 979 1196 versus
1002 1138 1172 1197 contendit
1194 1138 1237 1215 (b.
1250 1138 1287 1195 A.
1310 1139 1357 1195 37.
1386 1140 1412 1209 1,
1435 1138 1478 1215 2).

288 1237 374 1312 *Qua
396 1253 439 1295 ex
452 1237 643 1295 narratione
665 1242 758 1310 patet
779 1236 881 1295 breve
896 1243 1026 1311 tempus
1040 1237 1266 1294 intercessisse
1288 1235 1375 1293 inter
1396 1236 1480 1294 clas-

298 1336 386 1394 sium
402 1336 582 1393 advcntum
598 1341 631 1392 et
642 1333 793 1393 Caesaris
803 1335 1041 1409 profectionem
1063 1342 1099 1393 ut
1124 1335 1249 1410 opinor,
1272 1350 1374 1394 unum
1389 1334 1477 1392 diem

301 1434 357 1492 vel
379 1434 462 1492 duos
483 1433 504 1491 i.
526 1450 554 1491 e.
576 1438 737 1506 quantum
758 1438 887 1507 ternpus
909 1434 1134 1492 necessarium
1160 1441 1231 1491 erat
1257 1433 1301 1491 ad
1329 1433 1480 1509 legiones

302 1532 496 1606 equitesque
528 1548 572 1588 ex
600 1531 760 1607 languore
789 1547 979 1605 nauseaque
1008 1531 1204 1589 reficiendos
1233 1533 1276 1598 rb.
1298 1532 1335 1589 A.
1365 1532 1413 1589 34.
1435 1533 1481 1605 5).

297 1631 390 1706 Ergo
413 1630 537 1688 classes
557 1629 611 1686 dic
633 1629 702 1686 fere
723 1631 742 1687 4
763 1629 961 1687 Novembris
982 1630 1138 1704 appulsos
1160 1645 1231 1687 esse
1254 1629 1392 1688 conicio.

409 1729 436 1786 8.
479 1727 610 1785 Tissoto
632 1734 767 1785 auctore
789 1728 949 1802 reliquiae
970 1727 1101 1787 Uzittae
1131 1729 1149 1786 8
1178 1744 1219 1785 m.
1248 1744 1278 1802 p.
1308 1728 1429 1785 absunt
1458 1743 1477 1785 a

302 1825 449 1900 Ruspina
472 1823 570 1900 (SSW
591 1842 611 1883 a
631 1826 791 1900 Ruspina)
814 1826 925 1899 (Rech.
947 1843 977 1900 p.
1000 1827 1039 1884 26
1060 1825 1120 1904 sq).

410 1925 438 1982 9.
479 1923 652 1983 Considius
667 1925 783 1982 nuntio
799 1925 959 1999 equestris
981 1925 1098 2000 proelii
1120 1923 1186 2001 (die
1202 1927 1220 1983 7
1235 1941 1275 1988 m.
1288 1924 1371 1985 Nov.
1384 1925 1480 2003 iacti)

294 2029 486 2081 commotus
507 2022 649 2080 Aciliam
677 2022 800 2080 deserit
829 2021 872 2098 (b,
895 2023 931 2083 A.
956 2022 1016 2100 43).
1059 2023 1126 2080 lter
1151 2024 1194 2081 ab
1221 2023 1343 2097 oppido
1369 2023 1477 2081 Acilla

298 2121 447 2181 Uzittam
480 2121 550 2178 sive
573 2137 632 2194 per
652 2121 820 2195 Thapsum
843 2121 913 2179 sive
939 2137 999 2196 per
1020 2121 1193 2180 Sarsuram
1214 2121 1339 2180 factum
1365 2125 1404 2183 50
1435 2138 1481 2179 m.

303 2236 333 2294 p.
356 2224 414 2282 est.
467 2219 555 2293 Ergo
583 2219 718 2290 nuntius
751 2219 807 2276 ille
843 2219 896 2276 die
919 2219 936 2276 9
958 2236 999 2277 m.
1028 2220 1111 2278 Nov.
1140 2219 1281 2278 Acillam
1302 2220 1478 2294 pervenire

299 2317 410 2391 potuit
431 2321 530 2390 atque
546 2316 657 2374 statim
672 2315 845 2375 Considius
861 2317 1004 2376 decessit
1024 2324 1062 2376 ut
1076 2318 1280 2395 intellegitur
1300 2334 1342 2374 ex
1363 2317 1476 2374 verbis

298 2415 457 2472 auctoris.
468 2413 489 2491 ¹)
532 2414 640 2472 Acilla
662 2422 712 2472 cst
733 2415 831 2473 hodie
853 2415 884 2472 el
909 2415 984 2472 Alia
1006 2416 1040 2473 in
1062 2417 1162 2474 maris
1183 2416 1287 2474 litore.
1330 2416 1433 2473 Abest
1454 2431 1476 2472 a

297 2513 434 2587 'Thapso
457 2514 494 2570 22
516 2530 558 2576 nr,
580 2529 610 2586 p.
654 2512 687 2590 (S
702 2529 722 2571 a
737 2513 882 2590 Thapso)
905 2514 1014 2590 (Daux
1036 2521 1069 2572 et
1083 2513 1166 2574 Tiss.
1182 2515 1263 2573 Tab.
1281 2515 1321 2592 t).
1352 2512 1477 2588 Thapsi

298 2611 419 2667 suinae
442 2617 518 2667 sunt
540 2610 697 2668 circuitus
729 2611 866 2668 maximi
895 2611 928 2668 in
956 2612 1188 2685 promunturio
1216 2612 1305 2686 quod
1338 2617 1479 2669 vocatur

298 2707 370 2764 Ros
391 2706 503 2764 Dimas
526 2707 572 2782 (C.
587 2708 610 2765 l.
633 2708 666 2766 L.
689 2707 775 2778 VIII,
799 2710 814 2765 1
838 2725 868 2782 p.
893 2708 951 2784 11).
993 2708 1164 2784 Reliquiae
1179 2709 1337 2769 Sarsurac
1360 2711 1402 2768 ad
1424 2726 1477 2785 pa-

297 2822 382 2882 gum
396 2804 607 2864 Bou-Mardis
629 2813 772 2878 exstant,
794 2807 916 2865 absunt
937 2824 959 2865 a
973 2808 1125 2883 Thysdro
1147 2809 1352 2887 (El-DJemm)
1377 2813 1414 2870 10
1435 2825 1478 2867 m.

300 2922 334 2979 p,
357 2904 397 2981 (N
419 2921 439 2962 a
460 2905 625 2983 Thysdro)
649 2905 780 2983 (Tissot.
802 2905 900 2964 Rech.
922 2924 953 2981 p.
975 2908 1036 2984 44).

413 3006 458 3065 10.
500 3004 639 3062 Nimbus
654 3004 709 3061 ille
722 3003 872 3064 Caesaris
887 3011 997 3063 castra
1013 3007 1143 3065 subruit
1156 3007 1371 3083 verpiliarum
1386 3007 1476 3082 siquo

304 3101 449 3174 confecto
472 3100 515 3177 (b.
536 3102 573 3158 A.
596 3102 644 3159 47.
668 3102 697 3180 1)
719 3118 805 3175 quae
821 3102 1014 3161 occiderunt
1035 3104 1088 3161 die
1110 3105 1146 3166 31
1170 3101 1239 3163 Oct.
1263 3104 1353 3166 lvidc
1374 3104 1479 3178 praef.

304 3215 333 3272 p.
358 3198 399 3274 6),
432 3199 618 3272 etquidem
650 3207 766 3258 exorta
799 3207 849 3258 cst
877 3207 1055 3276 tempestas
1077 3202 1134 3260 illa
1160 3209 1335 3277 postquam
1357 3202 1477 3262 Caesar

304 3297 358 3354 die
382 3300 398 3358 7
420 3312 460 3355 m.
476 3297 558 3360 Nov,
575 3297 722 3372 Ruspina
743 3298 894 3357 decessit.
937 3300 984 3357 Ea
1006 3300 1093 3357 enim
1114 3301 1176 3359 fuit
1197 3317 1299 3359 causa
1313 3302 1410 3366 huius
1432 3301 1476 3358 in-

303 3396 468 3453 commodi
491 3397 576 3473 quod
593 3393 715 3455 Caesar
735 3415 814 3456 uou
835 3417 941 3457 more
964 3401 1228 3476 superiorum
1250 3404 1477 3477 temporum

304 3496 502 3554 iuhibemus
533 3497 710 3556 accercitum
737 3499 918 3556 continebat
949 3500 1005 3557 sed
1032 3499 1068 3556 iu
1097 3501 1190 3557 tertio
1218 3505 1397 3576 quartoque
1426 3500 1478 3558 die

298 3594 501 3671 procedendo
517 3595 720 3671 propiusque
748 3598 869 3654 hostem
897 3598 1075 3655 accedendo
1095 3602 1213 3672 pastro
1241 3597 1478 3656 communiebat

304 3710 458 3769 opereque
479 3692 634 3765 faciendo
654 3693 774 3750 milites
796 3712 827 3751 se
849 3695 1134 3771 circumspiciendi
1162 3712 1227 3752 riou
1247 3696 1404 3754 hobehout
1426 3694 1480 3767 fu—

415 3851 435 3918 ¹)
455 3854 592 3906 Tissotus
612 3853 711 3912 (Rech.
731 3869 758 3920 p.
779 3853 822 3909 28.
836 3854 880 3917 29)
900 3856 1007 3909 conicit
1020 3856 1115 3910 lacum
1129 3856 1332 3912 Kairouanunr
1353 3856 1479 3916 (soblrha

305 3941 508 4004 Sidi-elliam)
530 3942 711 4009 provinciam
732 3943 871 3997 dividisse
891 3945 926 3998 ab
946 3944 1101 4001 Numidiae
1120 3961 1219 4014 regno.
1245 3947 1337 4014 Quam
1358 3947 1478 4001 obrem

305 4033 393 4101 putat
406 4031 577 4086 Considium
595 4045 632 4085 ne
652 4032 751 4099 copias
771 4033 899 4088 obiceret
918 4034 1050 4089 hostium
1073 4035 1299 4103 incursionibus,
1318 4049 1376 4090 non
1396 4037 1483 4091 recta

305 4124 354 4178 vla
381 4120 476 4177 Acilla
504 4121 661 4176 Sarsuranr
691 4122 903 4188 (Bou-Mardos)
932 4125 1029 4179 Avidu
1055 4125 1152 4180 vicum
1182 4129 1281 4194 (prope
1310 4125 1480 4192 Zercmdin)

304 4211 525 4266 Hadrumetum
546 4212 734 4266 contendisse
763 4214 815 4266 sed
834 4214 1068 4270 circumeuntem
1087 4215 1182 4270 lacurn
1204 4230 1262 4283 qua
1291 4217 1327 4270 ad
1348 4216 1478 4270 occiden-

292 4301 366 4355 tem
386 4301 491 4368 vergit,
520 4301 577 4357 iter
602 4316 654 4370 per
679 4316 804 4370 regnum
824 4304 917 4358 Jubae
943 4303 1050 4360 iecisse
1070 4309 1159 4374 atque
1178 4306 1396 4361 Hadrumetum
1416 4319 1483 4372 per·

304 4403 432 4446 venisse.
