3250 4944
848 389 866 445 6

267 548 354 608 inter
374 546 499 606 bellum
509 547 704 630 Africanum
725 554 758 604 et
778 547 902 605 bellum
917 547 1136 621 Hispaniense
1158 547 1307 622 aequalis
1323 551 1445 606 auctor

268 647 339 704 fere
361 662 428 704 non
450 651 575 718 exstat3
611 661 696 719 quae
728 646 815 702 enim
836 645 950 704 Cicero
981 646 1113 720 scripsit
1142 644 1184 703 de
1211 647 1310 705 rebus
1338 645 1445 722 gestis

269 750 395 802 aestate
411 745 491 802 anni
512 745 560 804 46.
583 760 611 802 a.
634 743 706 803 Chr.
729 761 770 814 n.,
792 760 900 818 pauca
922 750 998 802 sunt
1012 760 1185 818 paucaque
1197 744 1325 802 docent.
1369 742 1440 817 Qua

268 843 311 900 de
339 858 375 900 re
396 843 492 900 iniis
513 843 619 918 magis
638 841 915 914 acquiescendum
937 849 986 900 est
1008 858 1093 915 quae
1111 844 1286 901 traduntur
1307 841 1447 916 ascrip—

269 940 396 999 toribus
417 941 610 1014 posterioris
632 941 798 1014 temporis.

374 1038 452 1098 Jam
473 1053 553 1096 vero
564 1038 763 1114 gravissima
785 1039 889 1097 oritur
904 1039 1054 1112 quaestio
1075 1040 1117 1097 de
1132 1039 1260 1097 ratione
1283 1055 1368 1112 quae
1391 1043 1442 1095 est

269 1138 355 1194 inter
376 1153 499 1194 annum
521 1143 667 1194 veterem
689 1143 722 1194 et
742 1137 923 1213 Iulianum.
964 1137 1073 1195 Nimia
1095 1138 1182 1195 enim
1209 1137 1361 1196 socordia
1389 1137 1441 1194 usi

269 1242 346 1294 sunt
366 1235 429 1292 hac
450 1236 484 1292 in
505 1251 541 1292 re
563 1241 595 1293 et
616 1241 746 1294 veteres
769 1242 801 1293 et
822 1236 1032 1298 recentiores,
1073 1235 1157 1294 Nam
1172 1235 1303 1294 Cassius
1324 1234 1386 1292 Dio
1408 1241 1442 1292 et

268 1333 473 1404 Plutarchus,
496 1348 583 1406 quae
607 1332 641 1390 in
663 1333 810 1391 fontibus
832 1349 945 1391 eorum
959 1334 1161 1393 notabantur
1181 1340 1339 1407 tempora,
1362 1333 1446 1390 anni·

269 1437 471 1506 putaverunt
493 1447 565 1490 esse
586 1430 714 1490 Juliani
743 1437 843 1505 atque
864 1431 1039 1490 Caesarem
1059 1438 1280 1490 narraverunt
1301 1431 1336 1488 in
1356 1431 1446 1490 Afri-

270 1545 344 1588 cam
359 1529 544 1602 profectum
566 1546 637 1588 esse
658 1541 710 1596 τοῦ
735 1543 885 1618 χειμῶνος
910 1541 1071 1616 μεσοῦντος
1095 1529 1168 1606 (Dio
1183 1529 1290 1588 XLIII
1311 1528 1363 1606 56)
1385 1530 1441 1588 vel

268 1633 334 1713 περὶ
357 1633 470 1714 τροπὰς
494 1635 668 1716 χειμερινάς
690 1628 787 1706 (Plut.
810 1627 900 1688 Caes.
924 1629 984 1706 52).
1035 1628 1161 1686 Eodem
1189 1628 1287 1686 modo
1317 1628 1443 1686 erravit

269 1725 428 1796 Tissotus
449 1741 523 1783 curu
544 1732 676 1799 putaret
690 1742 836 1784 mensem
857 1726 898 1784 de
921 1743 986 1800 quo
1001 1727 1111 1803 agitur
1132 1727 1166 1783 in
1181 1726 1269 1784 bello
1284 1726 1445 1784 Africano

268 1823 284 1881 I
307 1826 323 1880 1
345 1839 529 1898 congruere
550 1840 626 1882 cum
647 1841 760 1882 mense
781 1825 860 1883 anni
882 1825 924 1882 ad
947 1841 1079 1883 cursum
1100 1825 1178 1883 solis
1199 1825 1439 1883 accommodati

263 1921 487 2000 (Becherches
509 1939 540 1996 p.
563 1921 604 1999 5).
646 1923 692 1980 At
720 1924 777 1996 qui
809 1924 985 1982 traduntur
1017 1923 1088 1981 dies
1118 1923 1153 1980 in
1184 1923 1264 1980 belli
1291 1923 1442 1981 Africani

270 2021 506 2079 commentario
528 2037 594 2078 non
615 2021 637 2080 J
641 2021 741 2079 uliani
765 2021 822 2079 sed
844 2022 967 2080 veteris
988 2038 1060 2082 esse
1082 2021 1161 2079 anni
1192 2037 1267 2080 cum
1296 2038 1339 2079 ex
1367 2021 1444 2079 aliis

270 2120 369 2177 rebus
404 2124 474 2176 tum
502 2135 545 2176 ex
574 2135 612 2177 eo
643 2119 751 2177 elucet
773 2120 861 2193 quod
883 2127 999 2178 auctor
1019 2120 1075 2177 ille
1097 2119 1255 2194 vergilias
1277 2119 1440 2178 occidisse

271 2217 414 2274 affirmat
436 2216 525 2274 circa
547 2216 592 2274 VI
603 2216 670 2276 Cal.
683 2217 776 2280 Febr.
800 2217 888 2294 (bell.
901 2218 1000 2276 Afric.
1023 2219 1070 2279 47,
1095 2220 1110 2278 1
1134 2217 1339 2293 edit.Nipp.).
1363 2217 1441 2274 Ver-

270 2315 371 2392 giliae
393 2320 504 2372 autem
526 2315 588 2372 hoc
608 2321 754 2388 tempore
777 2331 878 2390 prope
892 2316 1073 2391 Ruspiuam
1094 2331 1158 2374 non
1183 2322 1324 2373 exeunte
1338 2313 1442 2373 Janu-

271 2413 342 2472 ario
363 2413 443 2471 anni
464 2413 503 2474 46
532 2413 590 2470 sed
617 2412 671 2470 die
703 2414 740 2471 31
763 2413 883 2472 mensis
905 2411 1056 2472 Octobris
1079 2415 1156 2471 anni
1180 2415 1218 2471 47
1250 2413 1443 2471 occiderunt

268 2511 584 2588 (Fruhuntergang).
599 2511 622 2587 ¹)
816 2588 817 2591 Ἴ

379 2608 474 2683 Quod
497 2609 615 2666 attinet
646 2611 688 2666 ad
721 2610 970 2668 commutandos
998 2618 1127 2668 veteres
1158 2612 1261 2668 l'astos
1284 2611 1317 2668 in
1338 2611 1443 2668 fastos

270 2707 434 2782 Julianus,
456 2706 596 2781 probare
618 2723 684 2764 non
706 2709 797 2782 potui
819 2709 1099 2783 computationem
1120 2708 1183 2766 viri
1199 2709 1382 2766 doctissimi
1396 2707 1443 2765 Le

272 2805 404 2864 Verrier
425 2804 618 2883 (Napoleon,
640 2805 783 2864 Histoire
806 2807 848 2864 de
862 2807 893 2866 J.
905 2806 1004 2865 cesar
1017 2807 1048 2864 II
1070 2823 1100 2880 p.
1117 2808 1188 2883 549)
1210 2806 1266 2879 qui
1288 2807 1442 2881 neglecta

271 2903 442 2962 Censorini
464 2903 661 2962 auctoritate
675 2901 737 2981 (de
759 2905 812 2962 die
834 2912 900 2963 nat.
922 2903 974 2982 20)
996 2921 1083 2962 anno
1104 2905 1143 2964 46
1164 2922 1192 2963 a.
1206 2903 1277 2964 Chr,
1302 2919 1333 2961 n.
1355 2920 1442 2962 men·

272 3017 342 3060 sem
361 3001 607 3058 Mercedonium
633 3018 698 3060 non
727 3003 947 3062 intercalavit.
989 3003 1106 3076 Itaque
1135 3009 1167 3060 et
1198 3003 1282 3061 duos
1314 3017 1441 3059 menses

271 3099 504 3158 Intercalarios
526 3099 654 3157 dicrum
676 3088 713 3158 67
736 3101 821 3158 inter
842 3116 987 3158 mensem
1008 3101 1229 3159 Nouembrem
1257 3101 1290 3158 et
1309 3099 1442 3157 Decem·-

272 3199 364 3255 brem
386 3197 568 3271 interposui
590 3204 622 3256 et
642 3199 747 3257 mensi
768 3198 948 3257 Februario
970 3204 1008 3259 23
1040 3199 1111 3257 dies
1132 3197 1364 3256 intercalarius
1387 3197 1442 3255 ad-

272 3297 351 3355 didi.
395 3295 557 3356 calendas
578 3295 757 3355 Ianuarias
786 3297 864 3354 anni
894 3297 950 3355 708
981 3314 1010 3354 u.
1040 3313 1067 3354 c.
1095 3312 1170 3354 cum
1199 3313 1227 3354 a.
1258 3297 1288 3354 d.
1316 3295 1365 3354 ΙΙΙ
1394 3295 1443 3356 Id.

273 3393 343 3453 Oct.
366 3411 549 3470 congruere
571 3395 670 3452 volui.

381 3583 407 3652 1)
426 3585 478 3638 Ed.
497 3585 576 3652 Dory
596 3585 744 3640 semmarii
765 3585 955 3653 philosophici
977 3585 1127 3640 Alliensis
1154 3583 1303 3652 professor
1329 3598 1377 3637 me
1401 3597 1444 3637 ro·

273 3675 364 3740 gante
375 3675 451 3729 hanc
464 3674 609 3728 rationem
619 3675 712 3728 drrxit.
732 3674 773 3728 clr
793 3676 881 3728 etiam
890 3674 985 3728 ldeler
993 3673 1166 3736 (Handbuch
1176 3673 1324 3728 dermeth.
1332 3672 1443 3728 atech.

275 3760 411 3816 Chronol.
430 3762 444 3815 I
463 3776 490 3829 p.
510 3763 573 3825 242)
594 3761 644 3828 qui
662 3764 845 3829 computavit
864 3776 941 3816 anno
960 3762 1014 3816 800
1033 3777 1058 3816 a.
1078 3761 1143 3816 Chr.
1164 3777 1191 3816 n.
1211 3761 1262 3816 lat.
1281 3759 1330 3818 38⁰
1349 3761 1445 3828 vergi-

273 3850 329 3905 lias
348 3849 769 3916 occidisse(Friilmnterpang)
790 3851 835 3903 die
854 3849 889 3904 26
916 3865 955 3906 m.
969 3850 1041 3904 Oet..
1061 3851 1093 3905 et
1106 3851 1198 3906 ldeler
1218 3851 1368 3920 (Abhdlgn
1389 3849 1440 3904 der

272 3937 330 4004 Kp.
350 3939 445 3994 Aliae.
464 3939 516 3992 der
534 3937 624 3994 Wiss.
661 3938 756 3992 Berlin
779 3937 846 3992 1822
866 3953 894 3992 u.
914 3941 948 3994 23
972 3953 999 4007 p.
1022 3940 1071 3994 152
1096 3942 1149 4006 sq.)
1177 3941 1226 3995 ubi
1256 3941 1341 3996 docet
1364 3953 1444 3994 anno

273 4027 354 4110 143.
373 4026 438 4082 Chr.
458 4041 486 4080 n.
506 4025 555 4080 lat.
575 4024 624 4080 41⁰
637 4027 679 4080 51⁴
699 4027 835 4094 vergilias
854 4028 901 4082 die
919 4030 937 4083 9
956 4029 1028 4083 Nor.
1049 4028 1197 4084 occidrsse.

758 4259 963 4275 -..-..-,.--
