3250 4944
400 537 545 596 Primum
567 536 654 593 euim
675 533 797 594 Caesar
822 551 897 594 curn
919 536 952 593 in
974 529 1178 610 Hispaniam
1192 536 1346 606 venisset,
1376 536 1463 610 lega-

283 637 331 696 tis
347 635 414 694 suis
430 634 615 710 imperavit,
637 640 673 691 ut
695 634 878 708 equitatum
900 634 963 692 sibi
978 633 1143 707 praesidio
1160 634 1337 709 mitterent,
1365 650 1463 708 quern

283 751 365 795 curn
385 749 522 792 necesse
553 740 640 790 esset
662 739 867 807 exspectare,
900 732 963 790 iter
984 732 1131 790 tardavit
1160 748 1362 806 quamquam
1383 746 1463 792 sane

283 831 493 892 Obulcouem
522 831 614 906 prIus
646 831 798 904 pervenit
819 847 931 904 quarn
957 830 1085 903 equites
1107 847 1183 888 eum
1211 831 1355 888 assecuti
1386 837 1464 888 sunt

283 930 333 1009 ib.
354 930 394 988 H.
417 935 444 992 2.
467 931 497 1005 3,
517 931 558 1004 4)
600 929 727 986 Deinde
750 929 828 987 dum
843 927 1048 988 Obulcouem
1070 929 1250 1003 contendit,
1272 929 1373 1004 legati
1389 928 1464 988 Cor-

283 1029 455 1087 dnbenses
477 1029 508 1086 ei
529 1026 663 1086 obviam
684 1033 858 1099 venerunt,
880 1032 916 1084 ut
938 1027 979 1084 de
1000 1025 1121 1100 oppido
1143 1026 1303 1100 potiundo
1325 1035 1462 1102 agerent

288 1128 333 1200 (b.
354 1127 393 1186 H.
417 1129 444 1184 2.
467 1131 507 1197 2).
549 1125 698 1198 Denique
720 1121 846 1184 Seneca
868 1124 921 1201 (de
945 1125 1050 1182 benef.
1073 1125 1174 1202 vat)
1189 1124 1364 1183 Caesarem
1385 1133 1462 1200 ante

288 1241 434 1300 pugnam
463 1224 505 1282 ad
531 1223 688 1281 Mundam
715 1224 839 1281 factam
869 1223 973 1280 talum
1008 1222 1098 1279 circa
1119 1221 1299 1281 Sucronem
1327 1223 1462 1281 torsisse

288 1324 397 1380 refert.
439 1321 504 1381 Sed
526 1329 602 1380 ante
623 1321 785 1395 proelium
803 1321 984 1379 Mundeuse
999 1320 1120 1379 Caesar
1141 1326 1211 1378 tum
1232 1321 1338 1379 solum
1359 1337 1461 1394 prope

283 1421 470 1481 Sucronem
491 1421 563 1495 fuit,
585 1436 661 1478 curn
682 1437 725 1478 ex
746 1420 843 1478 Italia
865 1419 1070 1478 Obulcouem
1092 1419 1270 1489 contendit.

396 1519 454 1577 His
476 1519 664 1593 praemissis
686 1518 784 1578 facile
811 1517 911 1575 statui
933 1524 1040 1591 potest
1076 1533 1141 1590 quo
1173 1525 1319 1591 tempore
1341 1509 1462 1576 Caesar

290 1618 413 1676 bellum
442 1617 662 1692 Hispaniense
691 1616 851 1690 inceperit
881 1623 914 1673 et
945 1632 1010 1690 quo
1039 1624 1186 1690 tempore
1215 1616 1383 1689 profectus
1419 1615 1461 1672 sit

287 1715 446 1774 Romaiu
468 1714 671 1787 Hispaniam.
716 1718 742 1775 1.
763 1713 861 1771 Teste
883 1713 1020 1772 Nicolao
1042 1714 1247 1771 Damascene
1271 1713 1357 1795 (Βὶος
1381 1713 1461 1778 Καῖ-

286 1839 383 1901 wito<
410 1811 462 1899 10)
500 1811 631 1869 bomine
667 1811 800 1870 Caesari
828 1812 960 1885 aequali
994 1812 1136 1885 ideoque
1164 1818 1300 1870 auctore
1327 1811 1461 1869 minime

288 1911 496 1989 neglegendo
531 1907 563 1968 C.
586 1908 745 1968 Octavius
780 1924 856 1966 cum
881 1908 1029 1967 laborem
1057 1916 1089 1966 et
1125 1925 1259 1983 operam
1290 1909 1324 1966 in
1351 1909 1462 1967 ludis

286 2009 557 2085 consumpsisset,
579 2007 613 2064 in
633 2007 784 2064 morbum
807 2006 924 2064 incidit
945 2022 1007 2064 nec
1022 2005 1195 2066 Caesarem
1217 2007 1251 2064 in
1265 2005 1460 2080 Hispaniam

282 2109 550 2190 proficiscentem
585 2105 736 2164 comitari
771 2104 886 2179 potuit.
930 2104 1002 2179 Qua
1034 2106 1075 2164 de
1106 2122 1142 2163 re
1165 2116 1217 2171 τοῦ
1241 2110 1383 2192 σώματος
1410 2106 1461 2189 ἐγ-

287 2213 478 2292 κρατέστατα
524 2205 705 2292 ἐπεμελήθη
749 2209 802 2270 καὶ
847 2209 958 2291 ταχὺ
998 2202 1236 2291 ἀνεῤῥὼσθη
1262 2224 1269 2238 ·
1294 2204 1395 2268 ἔπειτα
1427 2205 1460 2266 δὲ

283 2312 341 2394 τὴν
351 2306 453 2378 ἔξοδον
469 2301 505 2369 ἐκ
519 2315 574 2389 τῆς
590 2304 734 2388 πατρίδος
750 2303 877 2368 ἐποιεῖτο
894 2301 941 2367 ἐπὶ
955 2307 1009 2390 τὴν
1025 2306 1166 2388 στρατιὰν
1183 2352 1208 2366 ..
1222 2351 1229 2364 .
1241 2304 1294 2367 καὶ
1309 2299 1457 2386 ἀπίστῳ

283 2409 408 2489 τάχει
444 2407 640 2490 χρησάμενος
671 2402 813 2487 διέδραμε
845 2406 898 2490 τὴν
933 2405 1055 2487 μακρὰν
1086 2401 1164 2477 ὁδὸν,
1200 2403 1340 2482 cuverni:
1367 2423 1399 2464 τε
1421 2397 1458 2486 ἠν

282 2501 466 2587 ’Καίσαρι
490 2503 862 2588 διαπεπολεμηκότι
885 2500 960 2588 ἤδη
984 2504 1047 2565 τὸν
1071 2502 1279 2585 obpacata
1301 2502 1460 2584 πόλεμον

288 2600 324 2666 ἐν
349 2605 462 2686 μησὶν
483 2599 584 2664 ἑπτά,
609 2597 731 2656 Caesar
752 2613 832 2673 ergo
858 2613 971 2656 mense
992 2597 1174 2656 Novembri
1201 2596 1325 2655 bellum
1346 2595 1459 2670 Hispa-

287 2697 401 2754 niense
422 2696 555 2770 incepit.
598 2701 625 2757 2.
654 2695 735 2754 Cum
764 2695 886 2754 Caesar
907 2697 945 2757 27
973 2696 1091 2754 diebus
1119 2696 1224 2754 Roma
1255 2694 1459 2753 Obulcouem

288 2793 486 2869 pervenerit,
518 2809 654 2852 neccsse
690 2799 740 2852 est
761 2809 837 2852 eum
871 2793 933 2851 iter
954 2794 1072 2852 fecisse
1100 2810 1159 2868 per
1189 2809 1335 2850 mensem
1366 2789 1460 2850 Octo·

287 2893 379 2950 brem
401 2898 500 2965 atque
521 2891 625 2950 Roma
646 2891 829 2950 decessisse
857 2892 956 2965 paulo
987 2899 1163 2967 postquam
1194 2891 1307 2950 Cicero
1336 2898 1372 2948 ut
1400 2906 1459 2963 pro

286 2989 418 3064 Ligario
441 2989 685 3064 deprecaretur,
717 3007 745 3046 a.
774 2990 804 3047 d.
827 2990 855 3047 V
876 2989 943 3050 Cal.
966 2991 1027 3048 Int.
1048 2990 1178 3048 Priores
1208 2989 1258 3056 (26
1280 2987 1458 3047 Notae-'23

284 3087 387 3163 Sept.)
408 3088 605 3145 dictatorem
627 3088 756 3145 adierat
779 3088 834 3150 tad
856 3089 932 3146 fam.
954 3088 999 3146 VI
1022 3090 1071 3152 14)
1084 3087 1114 3165 1),
1156 3088 1204 3146 De
1226 3096 1372 3160 tempore
1394 3102 1460 3159 quo

286 3186 430 3260 scriptae
456 3185 522 3242 sint
542 3184 708 3243 Ciceronis
731 3187 893 3261 epistulae
928 3187 971 3244 ad
998 3187 1075 3250 fam,
1097 3186 1176 3244 XIII
1198 3192 1236 3248 26
1265 3192 1297 3243 et
1325 3183 1368 3243 ad
1393 3185 1459 3244 An.

286 3283 350 3342 XII
372 3285 398 3345 7.
421 3284 440 3340 8
461 3281 542 3340 nihil
565 3282 645 3340 certi
667 3299 782 3342 eruere
804 3284 905 3358 potui.

393 3410 440 3471 57.
483 3406 658 3466 Caesarem
688 3408 815 3481 primo
844 3407 1032 3467 Cordubam
1060 3410 1269 3467 contendisse
1306 3409 1460 3482 quamvis

286 3513 403 3564 auctor
423 3507 454 3568 b.
476 3505 515 3569 Η,
538 3521 604 3562 non
627 3506 793 3580 expressis
815 3505 926 3563 verbis
948 3515 1060 3564 narret
1088 3513 1198 3565 tamen
1229 3507 1356 3565 iudicat
1377 3507 1461 3564 refe-

285 3619 362 3662 rens
397 3604 525 3680 legatos
547 3602 776 3662 Cordubenses
806 3603 940 3662 Caesari
971 3606 1005 3661 in
1033 3605 1150 3663 itinere
1173 3605 1306 3663 obviam
1327 3605 1459 3665 venisse

284 3703 381 3775 eique
397 3702 580 3761 ostendisse
596 3701 784 3762 Cordubam
798 3709 961 3761 nocturno
976 3709 1123 3778 tempore
1145 3704 1220 3778 capi
1240 3720 1336 3778 posse
1359 3705 1403 3778 (b.
1418 3703 1458 3765 Η.

282 3801 314 3857 2.
336 3799 376 3876 2).
428 3800 466 3857 Id
487 3800 586 3874 plane
613 3800 795 3859 affirmatur
815 3801 927 3860 verbis
949 3801 1053 3860 Cassii
1074 3801 1188 3860 Dionis
1217 3802 1335 3880 (XLIII
1357 3803 1404 3864 32.
1427 3805 1459 3876 3)

286 3913 304 3956 e
325 3897 445 3971 quibus
467 3897 502 3955 id
523 3913 656 3971 quoque
678 3899 827 3972 sequitur
848 3898 1022 3958 Caesarem
1051 3900 1186 3973 paulo
1218 3906 1459 3974 postquam

284 3993 489 4055 Obulcouem
511 3995 613 4071 venit,
633 3995 819 4056 Cordubam
831 3999 1034 4072 perrexisse.

286 4133 467 4140 -.ῃ-ι*-
474 4135 478 4138 .

396 4199 416 4268 1)
436 4201 509 4268 Quia
528 4199 628 4257 Cicero
648 4202 811 4256 orationem
837 4217 888 4270 pro
908 4202 1024 4268 Ligario
1053 4204 1130 4271 apud
1156 4203 1332 4258 dictatorem
1359 4203 1460 4271 ipsum

284 4291 389 4345 habuit
407 4289 461 4352 (cfr
479 4292 554 4345 orat.
574 4292 605 4344 et
623 4290 700 4346 Plut.
719 4289 776 4346 Cic.
794 4293 838 4346 39.
857 4291 912 4356 56),
931 4292 1065 4347 extremo
1086 4291 1252 4360 Septembri
1270 4291 1317 4346 vel
1336 4292 1459 4347 ineunte

281 4379 403 4434 Octobri
421 4379 524 4434 habita
542 4381 597 4434 est.
