3250 4944
742 423 780 482 29

286 587 333 643 31.
376 583 493 643 Tradit
508 584 540 644 Ο.
556 584 722 660 Vergilius
744 583 901 658 oppidum
933 599 982 658 po
995 589 1162 656 stquam
1184 583 1359 644 audivit

175 683 335 744 Catonem
350 687 517 741 mortuum
539 681 605 758 (die
619 682 678 759 10),
700 680 722 740 J
723 681 824 739 ubam
836 681 878 739 ab
891 680 1013 755 oppido
1025 696 1086 744 suo
1097 680 1271 738 exclusum
1286 679 1359 757 (die

177 797 205 840 e.
230 783 290 860 13),
326 780 506 840 Saburram
541 780 710 839 devictum
731 797 751 837 a
773 779 868 838 Sittio
904 779 995 856 (ante
1023 778 1168 837 medium
1194 795 1236 836 m.
1258 765 1360 836 Febr.¹

178 880 237 938 cfr.
258 881 290 937 b.
305 881 341 937 A.
357 884 405 941 95.
423 881 438 936 1
455 885 488 936 et
501 877 611 957 infra),
626 877 743 938 Uticae
758 877 933 936 Caesarem
949 893 1020 935 esse
1034 882 1205 951 receptum
1221 875 1287 952 (die
1304 875 1359 954 11)

123 1021 127 1028 .
177 978 222 1056 (b.
238 977 274 1037 A.
291 979 338 1036 93.
354 977 395 1054 3).
437 977 525 1053 Ergo
546 977 656 1034 medio
678 993 789 1036 mense
811 976 992 1034 Februario
1014 975 1217 1034 deditionem
1231 975 1358 1049 Thapsi

178 1078 304 1136 factam
325 1091 397 1134 csse
420 1074 545 1148 opInor.
968 1073 970 1078 '

285 1178 332 1236 32.
375 1173 499 1233 Jubam
520 1189 586 1231 non
608 1174 719 1232 statim
741 1179 916 1248 postquam
938 1172 1085 1230 deseruit
1106 1171 1250 1241 Zamam,
1272 1185 1360 1227 mor»

178 1279 245 1332 tem
266 1273 388 1332 obiisse
410 1288 454 1329 ex
475 1286 514 1329 co
535 1277 627 1345 patet
665 1271 755 1345 quod
776 1276 893 1328 auctor
918 1270 1005 1328 inter
1031 1269 1101 1327 cius
1133 1268 1300 1326 discessus
1322 1275 1357 1325 et

178 1372 292 1430 mortis
314 1370 538 1428 narrationem
561 1385 587 1426 c.
611 1370 648 1427 92
671 1376 703 1427 ct
724 1370 762 1430 93
785 1367 959 1426 interiecit.
1011 1367 1233 1426 Videtur'rex
1255 1365 1356 1423 etiam

179 1471 222 1528 ab
244 1471 318 1528 aliis
340 1468 532 1526 civitatibus
564 1472 601 1524 ut
623 1468 842 1542 exciperetur,
875 1466 1027 1540 petiisse3
1057 1464 1288 1522 diciturenim
1315 1465 1362 1521 ab

180 1569 329 1626 omnibus
344 1566 532 1624 civitatibus
549 1567 701 1624 enotares
722 1565 765 1642 (b.
787 1566 825 1622 A.
849 1566 896 1623 94.
920 1563 959 1642 1).
1001 1563 1049 1621 Eo
1071 1569 1182 1620 autem
1207 1569 1358 1637 tempore

179 1682 244 1740 quo
266 1665 388 1724 Caesar
408 1663 541 1721 Zamam
577 1663 722 1734 advenit,
745 1679 805 1720 rex
827 1664 1000 1740 desperata
1022 1663 1127 1720 solato
1150 1661 1193 1738 (b.
1216 1661 1253 1718 A.
1277 1661 1297 1718 l.
1320 1660 1360 1736 1.)

178 1764 346 1838 putandus
381 1769 430 1820 cst
465 1767 605 1818 mortem
637 1761 822 1834 oppetiisse,
859 1777 934 1818 cum
963 1761 1065 1817 duces
1097 1775 1228 1832 quoque
1251 1759 1361 1816 abeo

180 1861 377 1918 defecissent
413 1867 512 1932 atque
534 1859 707 1917 Gaesarem
743 1859 1062 1933 appropinquantem
1097 1858 1229 1915 adirent
1251 1857 1294 1932 (b.
1317 1857 1356 1914 A.

184 1961 231 2018 aa
255 1958 295 2036 a).

290 2059 336 2114 33.
378 2057 511 2132 Equites
543 2057 590 2114 illi
613 2057 667 2114 die
693 2061 711 2118 9
734 2073 775 2114 nr.
806 2055 901 2114 Febr.
922 2056 1020 2114 Utica
1053 2055 1177 2130 egressi
1200 2069 1275 2112 curn
1296 2070 1363 2127 per

183 2171 324 2232 regnum
345 2157 598 2226 contendissent,
635 2154 728 2230 (Plat.
752 2153 819 2213 Cat.
843 2155 920 2211 min.
944 2155 990 2212 65.
1014 2158 1048 2226 3;
1071 2154 1102 2210 b.
1124 2153 1231 2210 As87.
1255 2151 1285 2230 5)
1320 2151 1355 2208 in

180 2253 379 2310 Mauritania
399 2253 430 2311 in
452 2253 583 2312 Sittium
604 2253 792 2310 inciderunt
813 2252 870 2325 qui
892 2253 987 2325 pulso
1009 2251 1173 2310 Saburrae
1196 2250 1359 2322 exercitu,

179 2350 222 2408 ad
245 2347 419 2408 Caesarem
440 2350 504 2408 iter
524 2351 670 2408 faciebat
693 2353 735 2426 (b.
758 2351 795 2408 A.
818 2351 866 2411 95.
891 2351 930 2425 1).
973 2351 1024 2408 Ab
1047 2351 1167 2424 oppido
1186 2349 1283 2408 Utica
1305 2365 1362 2406 us*

180 2463 244 2522 que
266 2449 308 2506 ad
329 2449 547 2507 Mauritaniae
569 2449 651 2506 fines
672 2449 735 2506 iter
757 2450 861 2506 altero
884 2455 976 2506 tanto
1009 2448 1140 2522 longius
1172 2454 1221 2503 est
1256 2462 1354 2519 quam

178 2546 311 2620 Thapso
325 2547 466 2606 Uticam.
508 2548 595 2623 Ergo
614 2547 724 2605 medio
745 2548 815 2605 fere
836 2562 947 2603 mense
970 2547 1085 2603 eodem
1105 2545 1279 2618 pervenire
1300 2559 1356 2618 po-

181 2651 322 2703 tuerunt.
365 2645 480 2704 Sittius
494 2646 620 2720 equites
646 2645 841 2721 aggreditur
855 2644 1013 2719 postridie
1035 2644 1105 2702 eius
1124 2643 1190 2701 diei
1212 2658 1277 2718 quo
1299 2658 1357 2700 eos

182 2743 363 2802 offenderat-
384 2745 426 2820 (b.
449 2746 486 2802 A.
510 2745 558 2808 95.
580 2745 621 2820 2).
664 2745 785 2803 Paucis
811 2749 887 2821 post
915 2745 1026 2801 diebos
1049 2790 1054 2800 .
1079 2789 1115 2801 ..
1152 2742 1293 2800 Faustus
1323 2749 1362 2800 et

179 2841 336 2900 Afranius
357 2843 601 2901 interficiuntur
623 2843 666 2918 (b.
688 2843 725 2900 A.
749 2847 796 2904 95.
819 2843 860 2917 3).

194 3006 198 3013 ,
288 2941 334 3001 34.
376 2941 551 2998 Zamenses
574 2941 784 2999 hauddubie
807 2941 917 2998 statim
939 2939 1143 3014 postJubae
1174 2938 1361 2996 adventurn

178 3035 308 3114 legatos
330 3039 463 3098 Caesari
484 3039 644 3097 miserunt
665 3055 706 3096 ne
727 3046 857 3114 tempus
878 3039 1014 3097 daretur
1035 3038 1106 3114 regi
1127 3053 1244 3095 manus
1267 3036 1362 3094 colli<

178 3137 309 3214 gendae
332 3139 642 3222 oppugnandacque
663 3137 782 3195 Zamae
805 3139 848 3201 sb.
871 3139 907 3196 A.
931 3139 978 3195 92.
1003 3139 1042 3212 1).
1086 3137 1158 3212 Qua
1185 3136 1225 3194 de
1255 3151 1355 3193 causa

180 3250 256 3293 cum
277 3235 399 3294 Caesar
419 3236 552 3294 Zamam
583 3237 783 3310 perrexisset
812 3236 1023 3311 postridie
1052 3237 1142 3295 eius
1171 3236 1257 3294 diei
1290 3253 1361 3310 quo

178 3333 281 3406 iegati
304 3333 435 3406 Uticam
464 3335 670 3393 advenerant
699 3335 731 3410 (1.
755 3336 774 3392 l.
798 3337 845 3394 92.
868 3335 910 3410 2),
946 3335 1017 3393 veri
1046 3336 1151 3393 simile
1178 3351 1249 3393 esse
1277 3342 1362 3410 puto

179 3447 256 3488 enm
278 3433 367 3490 circa
389 3432 476 3491 diem
499 3437 536 3494 20
558 3449 599 3491 m.
621 3433 716 3492 Febr.
739 3433 872 3491 Zamam
894 3433 1094 3507 pervenisse.

288 3532 335 3588 35.
378 3531 502 3590 Eodem
534 3539 681 3605 tempore
713 3531 881 3589 existimo·
911 3543 976 3604 quo
1012 3547 1151 3606 regnum
1183 3532 1355 3605 provincia

178 3627 272 3686 faeta
294 3635 352 3687 est.

287 3729 335 3785 36.
378 3727 487 3802 Scipio
503 3729 603 3803 paulo
618 3733 692 3803 post
707 3729 794 3786 dieru
810 3731 828 3786 9
843 3729 937 3786 Febr.
962 3728 1057 3805 (Plut.
1073 3727 1140 3786 Cat.
1158 3727 1235 3785 nnn.
1258 3727 1304 3785 to.
1322 3732 1361 3799 3;

179 3826 283 3900 631)
311 3834 349 3884 ut
376 3826 568 3884 advenienti
590 3826 722 3886 Caesari
750 3828 941 3904 decederet,
970 3828 1138 3902 regionem
1166 3826 1357 3885 Uticensem

177 3922 314 3981 videtur
328 3925 521 3994 deseruisse.
564 3926 690 3984 Deinde
713 3929 771 3984 dita
786 3929 990 4003 mortiumque
1013 3928 1156 3984 iactatas
1170 3925 1358 4000 Hipponem

176 4021 310 4097 regium
332 4024 462 4082 delatus
494 4031 544 4082 cst
579 4025 636 4082 ubi
657 4025 691 4082 P.
714 4025 801 4083 Sittii
829 4026 935 4083 classe
965 4027 1211 4084 circumventus
1232 4021 1359 4080 interiit

179 4120 227 4198 (b.
249 4120 286 4179 A.
309 4122 356 4180 96.
382 4126 408 4194 1,
431 4127 462 4194 2)
485 4123 555 4180 sine
578 4123 678 4181 dubio
702 4130 845 4181 exeunte
868 4125 984 4182 eodem
1005 4140 1126 4182 mense.

289 4221 336 4278 37.
380 4221 458 4280 Cum
483 4221 604 4281 Caesar
630 4222 683 4279 die
711 4223 749 4282 14
775 4237 816 4279 m.
840 4223 941 4296 April.
970 4240 1012 4280 ex
1034 4222 1145 4279 Africa
1178 4218 1362 4276 decesserit

177 4333 322 4391 eaquae
338 4327 455 4378 auctor
476 4337 503 4379 c.
520 4322 639 4378 97-98
659 4325 783 4394 narrat,
805 4335 916 4378 mense
928 4321 1044 4377 Martio
1061 4327 1093 4376 et
1107 4319 1241 4376 incunte
1252 4316 1357 4391 Aprili

177 4416 361 4492 contigisse
383 4435 519 4477 necesse
541 4425 599 4476 est.
653 4409 655 4412 ’
