3250 4944
721 423 759 480 23

146 585 306 644 cultatem
327 583 546 661 (1111412).
589 583 727 642 Nimbus
749 589 860 642 autem
881 600 948 642 non
974 585 1077 642 multo
1106 591 1180 659 post
1202 585 1289 643 diem
1311 587 1330 644 7

148 699 191 740 m.
213 681 297 740 Nov.
321 680 454 755 accidit,
481 697 560 738 nam
580 681 723 738 narratis
744 681 844 739 rebus
872 697 957 755 quae
986 689 1100 757 gestae
1129 688 1205 740 sunt
1231 682 1284 740 die
1312 685 1330 741 7

150 782 235 841 Nor.
252 780 293 858 (1.
306 782 353 842 37.
366 782 478 846 2-41)
502 779 555 838 die
570 781 589 837 8
603 780 687 839 Nov.
710 778 750 856 (c.
762 781 891 839 41—42.
903 780 934 856 4)
956 780 1010 839 die
1027 785 1045 842 9
1060 781 1143 843 Nor.
1167 785 1208 854 (c.
1224 783 1272 840 42.
1287 783 1331 854 4),

149 884 409 938 commemorata
424 877 570 937 Considii
591 879 672 954 fbga
694 894 779 951 quae
804 878 894 936 facta
916 884 966 936 cst
987 879 1040 936 die
1062 879 1119 936 cir.
1142 881 1160 937 9
1182 879 1330 938 eiusdem

150 977 272 1036 mensis
295 976 420 1053 (1.43),
456 976 622 1050 descripta
651 977 845 1034 fortitudine
872 982 1043 1051 morteque
1072 978 1275 1036 centurionis
1297 987 1331 1036 ct

150 1083 386 1134 veteranorum
408 1074 558 1154 Caesaiis
579 1075 637 1149 qui
658 1076 783 1133 interea
804 1073 844 1152 (c.
867 1077 914 1136 44.
940 1075 969 1152 1)
992 1075 1026 1132 11
1048 1076 1191 1134 hostium
1212 1092 1330 1135 manus

151 1175 356 1234 devenerant
377 1174 576 1251 (1.44-47),
602 1174 704 1231 refert
720 1181 837 1232 auctor
857 1173 996 1232 imbrem
1012 1174 1106 1233 illum
1128 1182 1235 1233 ortum
1257 1191 1331 1232 esse

147 1274 285 1352 perid
307 1277 469 1350 tempus
492 1271 532 1348 (c.
555 1274 602 1330 47.
627 1273 666 1350 1).

259 1374 305 1429 11.
348 1373 474 1429 Auctor
494 1369 551 1444 qui
573 1370 722 1446 singulas
749 1387 802 1428 res
824 1387 946 1445 easque
968 1371 1154 1430 levissimas
1175 1373 1330 1446 persequi

150 1469 244 1540 solet,
267 1468 348 1527 nihil
370 1469 471 1526 refert
493 1468 570 1526 inde
592 1485 612 1526 1
633 1469 745 1527 nimbo
767 1469 825 1528 illo
849 1468 888 1546 (c.
910 1470 963 1543 47)
992 1485 1097 1543 usque
1123 1470 1167 1527 ad
1188 1471 1330 1528 alterum

149 1565 260 1627 Jubae
275 1567 456 1625 adventum
478 1565 520 1644 (c.
532 1565 592 1644 48).
635 1565 709 1640 Qua
723 1566 765 1624 de
782 1582 883 1625 causa
895 1566 1111 1625 iudicandum
1133 1574 1182 1626 est
1196 1574 1331 1642 propter

150 1666 254 1724 breve
275 1671 404 1740 tempus
426 1665 518 1722 nulla
540 1664 702 1723 accidisse
727 1666 950 1724 memoranda.
992 1665 1066 1723 Huc
1087 1666 1219 1724 accedit
1240 1667 1330 1740 quod

151 1763 243 1825 Juba
265 1766 302 1822 dc
324 1765 465 1842 equestri
473 1765 600 1840 proelio
612 1763 774 1840 Scipionis
794 1765 912 1823 certior
932 1764 1045 1838 factas
1067 1765 1101 1821 11
1122 1765 1330 1838 provinciam

150 1862 323 1920 contendit
356 1861 529 1939 (b.A.48.
553 1861 592 1940 1).
636 1862 752 1935 Neque
780 1878 921 1936 usquam
949 1878 1010 1920 rex
1038 1861 1161 1920 dicitur
1192 1864 1241 1921 ab
1270 1879 1331 1940 op-

151 1959 255 2035 pido
283 1959 397 2019 Cirta
417 1960 563 2020 Uzittam
584 1961 753 2034 profectus
783 1977 864 2032 esse,
895 1961 995 2018 immo
1027 1960 1169 2018 indicari
1197 1961 1331 2020 videtur

153 2058 330 2134 eregione
359 2059 535 2117 advenisse
564 2059 802 2134 propinquiori.
844 2058 916 2116 Rex
952 2059 1039 2116 enim
1071 2059 1114 2116 ad
1143 2058 1330 2134 Scipionem

152 2172 348 2214 reversurus
363 2163 516 2214 narratur
531 2157 708 2216 Saburram
731 2157 851 2215 ducem
871 2163 987 2214 contra
1003 2156 1135 2215 Sittium
1156 2157 1331 2232 reliquisse

150 2255 196 2332 (b.
216 2255 254 2312 A.
277 2255 325 2313 48.
349 2253 389 2332 1),
429 2254 543 2314 Sittius
572 2262 683 2314 autem
705 2253 793 2314 Cirta
815 2261 1007 2331 expugnata
1039 2257 1105 2314 duo
1127 2255 1254 2330 cepisse
1276 2272 1331 2331 op-

151 2353 230 2427 pida
252 2351 468 2412 Gaetulorum
489 2353 632 2428 indeque
654 2369 849 2430 progressus
872 2370 943 2412 esse
966 2353 1009 2430 (b.
1031 2355 1068 2414 A.
1088 2355 1136 2413 25.
1153 2359 1180 2426 3,
1206 2353 1237 2432 4)
1260 2355 1331 2413 1111

151 2451 254 2510 dubio
280 2453 324 2509 ad
350 2451 558 2526 provinciam
579 2469 705 2510 versus.
748 2452 835 2528 Ergo
863 2468 976 2528 regem
998 2452 1106 2509 medio
1129 2451 1196 2509 1111
1217 2468 1331 2510 mense

153 2549 334 2607 Novembri
355 2549 500 2609 Uzittam
521 2551 712 2625 pervenisse
734 2549 854 2612 iudico

261 2650 307 2707 12.
349 2647 471 2707 Caesar
492 2648 675 2708 Labienum
696 2648 730 2706 in
752 2648 866 2724 fugam
888 2647 988 2705 vertit
1016 2648 1202 2722 collemque
1235 2664 1331 2708 occu-

151 2751 211 2819 pat
236 2750 415 2824 postquam
446 2749 680 2806 animadvertit
702 2746 849 2824 Scipioni
871 2746 1002 2804 currilia
1034 2747 1331 2820 1111111πί1111-

152 2844 277 2903 vecisse
302 2861 404 2922 aeque
426 2863 553 2905 moram
572 2846 751 2922 perpotandi
777 2845 883 2902 ullam
909 2845 980 2918 fore
1010 2843 1053 2920 (b.
1075 2845 1113 2902 A.
1135 2845 1174 2902 49
1197 2843 1237 2921 1),
1259 2844 1279 2902 i.
1302 2861 1330 2904 e.

150 2957 218 3001 non
239 2943 344 3001 multo
365 2929 440 3018 post
460 2943 570 3005 Jubae
592 2944 782 3001 adventum.

261 3042 308 3102 13.
350 3039 471 3099 Caesar
501 3057 605 3099 naves
637 3041 807 3099 onerarias
839 3039 973 3097 ineunte
1005 3054 1118 3098 mense
1150 3039 1331 3099 Novembri

152 3141 299 3197 statim
329 3139 526 3214 Lilybaeum
565 3141 608 3196 od
636 3140 801 3216 reliquum
829 3139 1007 3197 maroilum
1035 3141 1331 3216 transportandam

151 3237 279 3295 remisit
300 3236 344 3314 (b.
366 3239 402 3302 A.
426 3239 473 3296 37.
497 3237 536 3314 1).
577 3238 694 3312 Itaque
715 3253 852 3296 necesse
874 3242 923 3295 est
945 3243 1128 3295 statuamus
1149 3238 1237 3296 hunc
1258 3238 1332 3295 reli-

151 3351 255 3408 quum
280 3337 462 3394 exercitum
485 3352 544 3410 per
564 3352 662 3410 quem
681 3335 920 3411 intelleguntur
941 3335 1090 3411 legiones
1110 3335 1143 3393 X
1164 3342 1196 3393 et
1217 3335 1265 3394 IX
1286 3335 1331 3414 (b.

152 3432 191 3490 A.
213 3435 261 3495 53.
284 3434 324 3512 1),
347 3435 413 3492 iam
435 3441 505 3493 tum
526 3434 723 3509 Lilybaeum
745 3434 950 3504 convenisse,
973 3433 1121 3507 alioquin
1133 3432 1255 3492 Caesar
1274 3449 1332 3492 na·

152 3545 212 3588 ves
240 3548 320 3590 non
347 3533 490 3591 statim
519 3532 553 3590 in
574 3530 721 3591 Siciliam
743 3531 866 3589 reverti
887 3530 1046 3590 iussisset.
1088 3531 1199 3588 Nares
1221 3531 1331 3589 ventis

151 3630 284 3689 adiutas
300 3631 454 3690 secundis
466 3630 627 3706 Lilybaeo
641 3631 823 3706 Ruspinam
844 3634 962 3704 quarto
984 3628 1038 3687 die
1051 3629 1172 3687 reverti
1184 3628 1331 3702 potuisse

151 3734 284 3788 constat
305 3728 348 3806 (b.
371 3729 407 3787 A.
431 3730 478 3787 34.
501 3728 541 3806 4).
585 3727 714 3804 Quare
737 3728 765 3786 si
786 3728 892 3786 addas
913 3733 1042 3801 tempus
1071 3726 1160 3800 quod
1182 3740 1332 3785 necessa-

152 3825 239 3885 rium
260 3833 311 3885 est
332 3827 376 3885 ad
396 3828 625 3904 navigandum
645 3827 793 3903 Ruspina
814 3826 1020 3902 Lilybaeum,
1048 3826 1138 3900 quod
1160 3825 1203 3883 ad
1231 3825 1331 3900 impo-

151 3925 280 3984 nendas
301 3925 424 4000 copias,
447 3932 666 3984 commeatum
687 3925 781 3984 illum
803 3926 846 3984 ad
867 3925 1048 4000 Ruspinam
1069 3924 1203 3982 ineunte
1226 3923 1332 3982 altera

152 4030 247 4099 parte
278 4024 402 4082 mensis
423 4025 621 4083 Novembris
643 4024 927 4099 appropinquasse
948 4023 1182 4098 Ruspinaeque
1213 4038 1233 4079 a
1255 4020 1332 4080 an-

151 4122 293 4180 sarianis
313 4129 527 4196 conspectum
550 4139 621 4180 esse
643 4121 687 4200 (b.
702 4122 739 4180 A.
764 4126 809 4183 53.
835 4121 865 4200 1)
886 4121 958 4179 veri
980 4121 1086 4179 simile
1109 4127 1166 4191 est,
1189 4134 1266 4176 nam
1287 4119 1331 4177 ad

151 4219 335 4294 Ruspinam
355 4236 461 4294 usque
484 4226 714 4295 tempestatem
734 4219 871 4277 navium
893 4235 1026 4278 cursum
1055 4216 1237 4276 detinuisse
1264 4231 1331 4275 non

150 4319 255 4377 refert
282 4325 408 4377 auctor.
461 4317 526 4378 Sed
547 4334 586 4376 ec
608 4318 679 4393 ipse
701 4324 847 4392 tempore
870 4317 986 4375 1111111
1018 4332 1092 4374 cum
1115 4314 1332 4374 Caesarianas

150 4433 258 4476 naves
277 4423 411 4491 putaret
433 4433 505 4476 esse
526 4417 672 4490 hostiles,
706 4417 778 4475 1111
806 4417 894 4475 dedit
914 4417 951 4473 ia
972 4416 1077 4474 altum
1099 4431 1138 4472 11
1160 4415 1219 4472 dio
1249 4415 1333 4473 raal-
